1745421779.0702229,100,5,1,2
1745421779.0735443,101,5,1,3
1745421779.0745614,101,5,4,3
1745421779.0755625,98,10,4,7
1745421779.0765607,100,5,10,11
1745421779.077561,100,5,8,11
1745422380.8262415,101,10,3,2
1745422380.8273652,103,10,5,4
1745422380.8273652,100,10,1,6
1745422380.8273652,102,10,9,8
1745422380.8283625,101,10,7,12
1745422380.8283625,103,10,15,14
1745422380.8283625,100,10,13,16
1745422380.8283625,102,10,19,18
1745422446.17457,101,10,3,2
1745422446.1755688,103,10,5,4
1745422446.1755688,100,10,1,6
1745422446.1755688,102,10,9,8
1745422446.1755688,101,10,7,12
1745422446.1755688,103,10,15,14
1745422446.1765685,100,10,13,16
1745422446.1765685,102,10,19,18
1745422446.1765685,101,10,17,22
1745422446.1765685,103,10,25,24
1745422446.17951,100,10,23,26
1745422446.17951,102,10,29,28
1745422446.17951,101,10,27,32
1745422446.17951,103,10,35,34
1745422446.1806436,100,10,33,36
1745422446.1806436,102,10,39,38
1745422446.1806436,101,10,37,42
1745422446.1806436,103,10,45,44
1745422446.1806436,100,10,43,46
1745422446.1819077,102,10,49,48
1745422446.1819077,101,10,47,52
1745422446.1819077,103,10,55,54
1745422446.1829152,100,10,53,56
1745422446.1829152,102,10,59,58
1745422446.1829152,101,10,57,62
1745422446.1829152,103,10,65,64
1745422446.1829152,100,10,63,66
1745422446.1829152,102,10,69,68
1745422446.18421,101,10,67,72
1745422446.18421,103,10,75,74
1745422446.18421,100,10,73,76
1745422446.18421,102,10,79,78
1745422446.18421,101,10,77,82
1745422446.1852164,103,10,85,84
1745422446.1852164,100,10,83,86
1745422446.1852164,102,10,89,88
1745422446.1862166,101,10,87,92
1745422446.1862166,103,10,95,94
1745422446.1862166,100,10,93,96
1745422446.1862166,102,10,99,98
1745422446.1862166,101,10,97,102
1745422446.1862166,103,10,105,104
1745422446.1875749,100,10,103,106
1745422446.1875749,102,10,109,108
1745422446.1875749,101,10,107,112
1745422446.1875749,103,10,115,114
1745422446.1875749,100,10,113,116
1745422446.1875749,102,10,119,118
1745422446.1875749,101,10,117,122
1745422446.1889577,103,10,125,124
1745422446.1889577,100,10,123,126
1745422446.1895757,102,10,129,128
1745422446.1895757,101,10,127,132
1745422446.1895757,103,10,135,134
1745422446.1895757,100,10,133,136
1745422446.190705,102,10,139,138
1745422446.190705,101,10,137,142
1745422446.1917138,103,10,145,144
1745422446.1917138,100,10,143,146
1745422446.1917138,102,10,149,148
1745422446.1917138,101,10,147,152
1745422446.193066,103,10,155,154
1745422446.193066,100,10,153,156
1745422446.193066,102,10,159,158
1745422446.193066,101,10,157,162
1745422446.1943502,103,10,165,164
1745422446.1943502,100,10,163,166
1745422446.1943502,102,10,169,168
1745422446.1943502,101,10,167,172
1745422446.1943502,103,10,175,174
1745422446.1943502,100,10,173,176
1745422446.1958244,102,10,179,178
1745422446.1958244,101,10,177,182
1745422446.1958244,103,10,185,184
1745422446.1958244,100,10,183,186
1745422446.1968315,102,10,189,188
1745422446.1968315,101,10,187,192
1745422446.1978972,103,10,195,194
1745422446.1982985,100,10,193,196
1745422446.1982985,102,10,199,198
1745422446.1982985,101,10,197,202
1745422446.1982985,103,10,205,204
1745422446.1982985,100,10,203,206
1745422446.1992974,102,10,209,208
1745422446.1992974,101,10,207,212
1745422446.1992974,103,10,215,214
1745422446.200297,100,10,213,216
1745422446.200297,102,10,219,218
1745422446.200297,101,10,217,222
1745422446.200297,103,10,225,224
1745422446.2012994,100,10,223,226
1745422446.2012994,102,10,229,228
1745422446.2012994,101,10,227,232
1745422446.2012994,103,10,235,234
1745422446.2012994,100,10,233,236
1745422446.2026167,102,10,239,238
1745422446.2026167,101,10,237,242
1745422446.2026167,103,10,245,244
1745422446.2026167,100,10,243,246
1745422446.2026167,102,10,249,248
1745422446.2026167,101,10,247,252
1745422446.203709,103,10,255,254
1745422446.203709,100,10,253,256
1745422446.203709,102,10,259,258
1745422446.203709,101,10,257,262
1745422446.203709,103,10,265,264
1745422446.203709,100,10,263,266
1745422446.203709,102,10,269,268
1745422446.2051568,101,10,267,272
1745422446.2056632,103,10,275,274
1745422446.2056632,100,10,273,276
1745422446.2056632,102,10,279,278
1745422446.2056632,101,10,277,282
1745422446.2056632,103,10,285,284
1745422446.2069404,100,10,283,286
1745422446.2069404,102,10,289,288
1745422446.2069404,101,10,287,292
1745422446.2069404,103,10,295,294
1745422446.2069404,100,10,293,296
1745422446.2079475,102,10,299,298
1745422446.2079475,101,10,297,302
1745422446.2084532,103,10,305,304
1745422446.2084532,100,10,303,306
1745422446.2084532,102,10,309,308
1745422446.2084532,101,10,307,312
1745422446.2084532,103,10,315,314
1745422446.2084532,100,10,313,316
1745422446.2098005,102,10,319,318
1745422446.2098005,101,10,317,322
1745422446.2098005,103,10,325,324
1745422446.2098005,100,10,323,326
1745422446.2098005,102,10,329,328
1745422446.2098005,101,10,327,332
1745422446.2098005,103,10,335,334
1745422446.2112563,100,10,333,336
1745422446.2112563,102,10,339,338
1745422446.2112563,101,10,337,342
1745422446.2112563,103,10,345,344
1745422446.2121325,100,10,343,346
1745422446.2121325,102,10,349,348
1745422446.2121325,101,10,347,352
1745422446.2121325,103,10,355,354
1745422446.2121325,100,10,353,356
1745422446.2135677,102,10,359,358
1745422446.2135677,101,10,357,362
1745422446.2135677,103,10,365,364
1745422446.2135677,100,10,363,366
1745422446.2145815,102,10,369,368
1745422446.2145815,101,10,367,372
1745422446.2145815,103,10,375,374
1745422446.2145815,100,10,373,376
1745422446.215589,102,10,379,378
1745422446.215589,101,10,377,382
1745422446.215589,103,10,385,384
1745422446.215589,100,10,383,386
1745422446.2166886,102,10,389,388
1745422446.2166886,101,10,387,392
1745422446.2178767,103,10,395,394
1745422446.2180572,100,10,393,396
1745422446.2180572,102,10,399,398
1745422446.2180572,101,10,397,402
1745422446.2180572,103,10,405,404
1745422446.2180572,100,10,403,406
1745422446.2192636,102,10,409,408
1745422446.2192636,101,10,407,412
1745422446.2192636,103,10,415,414
1745422446.2192636,100,10,413,416
1745422446.220271,102,10,419,418
1745422446.220271,101,10,417,422
1745422446.220271,103,10,425,424
1745422446.220271,100,10,423,426
1745422446.2213862,102,10,429,428
1745422446.2213862,101,10,427,432
1745422446.2213862,103,10,435,434
1745422446.2213862,100,10,433,436
1745422446.2213862,102,10,439,438
1745422446.2213862,101,10,437,442
1745422446.2213862,103,10,445,444
1745422446.222857,100,10,443,446
1745422446.222857,102,10,449,448
1745422446.222857,101,10,447,452
1745422446.222857,103,10,455,454
1745422446.222857,100,10,453,456
1745422446.2238631,102,10,459,458
1745422446.2238631,101,10,457,462
1745422446.2238631,103,10,465,464
1745422446.2238631,100,10,463,466
1745422446.2238631,102,10,469,468
1745422446.2248638,101,10,467,472
1745422446.2248638,103,10,475,474
1745422446.2248638,100,10,473,476
1745422446.2248638,102,10,479,478
1745422446.2248638,101,10,477,482
1745422446.2248638,103,10,485,484
1745422446.2258651,100,10,483,486
1745422446.2258651,102,10,489,488
1745422446.2258651,101,10,487,492
1745422446.2258651,103,10,495,494
1745422446.2258651,100,10,493,496
1745422446.226863,102,10,499,498
1745422446.226863,101,10,497,502
1745422446.226863,103,10,505,504
1745422446.226863,100,10,503,506
1745422446.226863,102,10,509,508
1745422446.2279928,101,10,507,512
1745422446.2279928,103,10,515,514
1745422446.2279928,100,10,513,516
1745422446.2279928,102,10,519,518
1745422446.2279928,101,10,517,522
1745422446.228994,103,10,525,524
1745422446.228994,100,10,523,526
1745422446.228994,102,10,529,528
1745422446.228994,101,10,527,532
1745422446.228994,103,10,535,534
1745422446.228994,100,10,533,536
1745422446.2303083,102,10,539,538
1745422446.2303083,101,10,537,542
1745422446.2303083,103,10,545,544
1745422446.2303083,100,10,543,546
1745422446.2317247,102,10,549,548
1745422446.2317247,101,10,547,552
1745422446.232734,103,10,555,554
1745422446.232734,100,10,553,556
1745422446.232734,102,10,559,558
1745422446.232734,101,10,557,562
1745422446.232734,103,10,565,564
1745422446.2340734,100,10,563,566
1745422446.2340734,102,10,569,568
1745422446.2340734,101,10,567,572
1745422446.2340734,103,10,575,574
1745422446.2340734,100,10,573,576
1745422446.2340734,102,10,579,578
1745422446.2350814,101,10,577,582
1745422446.2350814,103,10,585,584
1745422446.2350814,100,10,583,586
1745422446.2350814,102,10,589,588
1745422446.2350814,101,10,587,592
1745422446.2360806,103,10,595,594
1745422446.2360806,100,10,593,596
1745422446.2360806,102,10,599,598
1745422446.237081,101,10,597,602
1745422446.237081,103,10,605,604
1745422446.237081,100,10,603,606
1745422446.2382195,102,10,609,608
1745422446.2382195,101,10,607,612
1745422446.2382195,103,10,615,614
1745422446.2382195,100,10,613,616
1745422446.2382195,102,10,619,618
1745422446.2382195,101,10,617,622
1745422446.2392192,103,10,625,624
1745422446.2392192,100,10,623,626
1745422446.2392192,102,10,629,628
1745422446.2392192,101,10,627,632
1745422446.2402189,103,10,635,634
1745422446.2402189,100,10,633,636
1745422446.2402189,102,10,639,638
1745422446.2402189,101,10,637,642
1745422446.2402189,103,10,645,644
1745422446.2402189,100,10,643,646
1745422446.241525,102,10,649,648
1745422446.241525,101,10,647,652
1745422446.241525,103,10,655,654
1745422446.241525,100,10,653,656
1745422446.241525,102,10,659,658
1745422446.241525,101,10,657,662
1745422446.241525,103,10,665,664
1745422446.242719,100,10,663,666
1745422446.242719,102,10,669,668
1745422446.242719,101,10,667,672
1745422446.242719,103,10,675,674
1745422446.242719,100,10,673,676
1745422446.2441444,102,10,679,678
1745422446.2441444,101,10,677,682
1745422446.2441444,103,10,685,684
1745422446.2441444,100,10,683,686
1745422446.2441444,102,10,689,688
1745422446.2452981,101,10,687,692
1745422446.2452981,103,10,695,694
1745422446.2452981,100,10,693,696
1745422446.2452981,102,10,699,698
1745422446.2452981,101,10,697,702
1745422446.2452981,103,10,705,704
1745422446.2464788,100,10,703,706
1745422446.2464788,102,10,709,708
1745422446.2464788,101,10,707,712
1745422446.2464788,103,10,715,714
1745422446.2464788,100,10,713,716
1745422446.2464788,102,10,719,718
1745422446.2464788,101,10,717,722
1745422446.2478666,103,10,725,724
1745422446.2478666,100,10,723,726
1745422446.2478666,102,10,729,728
1745422446.2478666,101,10,727,732
1745422446.2478666,103,10,735,734
1745422446.2478666,100,10,733,736
1745422446.2478666,102,10,739,738
1745422446.2489088,101,10,737,742
1745422446.2489088,103,10,745,744
1745422446.2489088,100,10,743,746
1745422446.2489088,102,10,749,748
1745422446.2489088,101,10,747,752
1745422446.2499163,103,10,755,754
1745422446.2499163,100,10,753,756
1745422446.2499163,102,10,759,758
1745422446.2499163,101,10,757,762
1745422446.2499163,103,10,765,764
1745422446.25098,100,10,763,766
1745422446.25098,102,10,769,768
1745422446.25098,101,10,767,772
1745422446.25098,103,10,775,774
1745422446.25098,100,10,773,776
1745422446.251987,102,10,779,778
1745422446.251987,101,10,777,782
1745422446.251987,103,10,785,784
1745422446.251987,100,10,783,786
1745422446.2529874,102,10,789,788
1745422446.2529874,101,10,787,792
1745422446.2529874,103,10,795,794
1745422446.2529874,100,10,793,796
1745422446.2529874,102,10,799,798
1745422446.2539868,101,10,797,802
1745422446.2539868,103,10,805,804
1745422446.2539868,100,10,803,806
1745422446.2539868,102,10,809,808
1745422446.2539868,101,10,807,812
1745422446.2539868,103,10,815,814
1745422446.2539868,100,10,813,816
1745422446.25507,102,10,819,818
1745422446.25507,101,10,817,822
1745422446.25507,103,10,825,824
1745422446.25507,100,10,823,826
1745422446.25507,102,10,829,828
1745422446.2560766,101,10,827,832
1745422446.2560766,103,10,835,834
1745422446.2560766,100,10,833,836
1745422446.2560766,102,10,839,838
1745422446.2560766,101,10,837,842
1745422446.2560766,103,10,845,844
1745422446.2570765,100,10,843,846
1745422446.2570765,102,10,849,848
1745422446.2570765,101,10,847,852
1745422446.2570765,103,10,855,854
1745422446.2570765,100,10,853,856
1745422446.2580771,102,10,859,858
1745422446.2580771,101,10,857,862
1745422446.2580771,103,10,865,864
1745422446.2580771,100,10,863,866
1745422446.2580771,102,10,869,868
1745422446.2580771,101,10,867,872
1745422446.2580771,103,10,875,874
1745422446.2580771,100,10,873,876
1745422446.2591796,102,10,879,878
1745422446.2591796,101,10,877,882
1745422446.2591796,103,10,885,884
1745422446.2591796,100,10,883,886
1745422446.2591796,102,10,889,888
1745422446.2591796,101,10,887,892
1745422446.260209,103,10,895,894
1745422446.260209,100,10,893,896
1745422446.260209,102,10,899,898
1745422446.260209,101,10,897,902
1745422446.260209,103,10,905,904
1745422446.260209,100,10,903,906
1745422446.2614255,102,10,909,908
1745422446.2614255,101,10,907,912
1745422446.2614255,103,10,915,914
1745422446.2614255,100,10,913,916
1745422446.2624342,102,10,919,918
1745422446.2624342,101,10,917,922
1745422446.2624342,103,10,925,924
1745422446.2634342,100,10,923,926
1745422446.2634342,102,10,929,928
1745422446.2634342,101,10,927,932
1745422446.2634342,103,10,935,934
1745422446.2634342,100,10,933,936
1745422446.2644324,102,10,939,938
1745422446.2644324,101,10,937,942
1745422446.2644324,103,10,945,944
1745422446.2644324,100,10,943,946
1745422446.2644324,102,10,949,948
1745422446.2644324,101,10,947,952
1745422446.2644324,103,10,955,954
1745422446.2644324,100,10,953,956
1745422446.2644324,102,10,959,958
1745422446.265432,101,10,957,962
1745422446.265432,103,10,965,964
1745422446.265432,100,10,963,966
1745422446.265432,102,10,969,968
1745422446.265432,101,10,967,972
1745422446.265432,103,10,975,974
1745422446.266432,100,10,973,976
1745422446.266432,102,10,979,978
1745422446.266432,101,10,977,982
1745422446.266432,103,10,985,984
1745422446.266432,100,10,983,986
1745422446.2674317,102,10,989,988
1745422446.2674317,101,10,987,992
1745422446.2674317,103,10,995,994
1745422446.2674317,100,10,993,996
1745422446.2674317,102,10,999,998
1745422446.2674317,101,10,997,1002
1745422446.2674317,103,10,1005,1004
1745422446.2686508,100,10,1003,1006
1745422446.2686508,102,10,1009,1008
1745422446.2686508,101,10,1007,1012
1745422446.2686508,103,10,1015,1014
1745422446.2696588,100,10,1013,1016
1745422446.2696588,102,10,1019,1018
1745422446.2696588,101,10,1017,1022
1745422446.2696588,103,10,1025,1024
1745422446.2696588,100,10,1023,1026
1745422446.2696588,102,10,1029,1028
1745422446.2708945,101,10,1027,1032
1745422446.2708945,103,10,1035,1034
1745422446.2708945,100,10,1033,1036
1745422446.2708945,102,10,1039,1038
1745422446.2708945,101,10,1037,1042
1745422446.2708945,103,10,1045,1044
1745422446.2723844,100,10,1043,1046
1745422446.2723844,102,10,1049,1048
1745422446.2733934,101,10,1047,1052
1745422446.2733934,103,10,1055,1054
1745422446.2733934,100,10,1053,1056
1745422446.2743952,102,10,1059,1058
1745422446.2743952,101,10,1057,1062
1745422446.2743952,103,10,1065,1064
1745422446.2743952,100,10,1063,1066
1745422446.2753928,102,10,1069,1068
1745422446.2753928,101,10,1067,1072
1745422446.2753928,103,10,1075,1074
1745422446.2753928,100,10,1073,1076
1745422446.2753928,102,10,1079,1078
1745422446.2753928,101,10,1077,1082
1745422446.2763927,103,10,1085,1084
1745422446.2763927,100,10,1083,1086
1745422446.2763927,102,10,1089,1088
1745422446.2763927,101,10,1087,1092
1745422446.2763927,103,10,1095,1094
1745422446.2763927,100,10,1093,1096
1745422446.277419,102,10,1099,1098
1745422446.277419,101,10,1097,1102
1745422446.277419,103,10,1105,1104
1745422446.277419,100,10,1103,1106
1745422446.2784255,102,10,1109,1108
1745422446.2784255,101,10,1107,1112
1745422446.2784255,103,10,1115,1114
1745422446.2784255,100,10,1113,1116
1745422446.2784255,102,10,1119,1118
1745422446.2784255,101,10,1117,1122
1745422446.2794259,103,10,1125,1124
1745422446.2794259,100,10,1123,1126
1745422446.2794259,102,10,1129,1128
1745422446.2794259,101,10,1127,1132
1745422446.2794259,103,10,1135,1134
1745422446.2804282,100,10,1133,1136
1745422446.2804282,102,10,1139,1138
1745422446.2804282,101,10,1137,1142
1745422446.2804282,103,10,1145,1144
1745422446.2804282,100,10,1143,1146
1745422446.2814257,102,10,1149,1148
1745422446.2814257,101,10,1147,1152
1745422446.2814257,103,10,1155,1154
1745422446.2814257,100,10,1153,1156
1745422446.2814257,102,10,1159,1158
1745422446.2814257,101,10,1157,1162
1745422446.2827878,103,10,1165,1164
1745422446.2827878,100,10,1163,1166
1745422446.2827878,102,10,1169,1168
1745422446.2827878,101,10,1167,1172
1745422446.2827878,103,10,1175,1174
1745422446.2839823,100,10,1173,1176
1745422446.2839823,102,10,1179,1178
1745422446.2839823,101,10,1177,1182
1745422446.2839823,103,10,1185,1184
1745422446.2839823,100,10,1183,1186
1745422446.2839823,102,10,1189,1188
1745422446.2852852,101,10,1187,1192
1745422446.2852852,103,10,1195,1194
1745422446.2852852,100,10,1193,1196
1745422446.2852852,102,10,1199,1198
1745422446.2852852,101,10,1197,1202
1745422446.2852852,103,10,1205,1204
1745422446.2852852,100,10,1203,1206
1745422446.2852852,102,10,1209,1208
1745422446.2852852,101,10,1207,1212
1745422446.28674,103,10,1215,1214
1745422446.28674,100,10,1213,1216
1745422446.28674,102,10,1219,1218
1745422446.28674,101,10,1217,1222
1745422446.28674,103,10,1225,1224
1745422446.28674,100,10,1223,1226
1745422446.28674,102,10,1229,1228
1745422446.28674,101,10,1227,1232
1745422446.2879677,103,10,1235,1234
1745422446.2879677,100,10,1233,1236
1745422446.2879677,102,10,1239,1238
1745422446.2879677,101,10,1237,1242
1745422446.2879677,103,10,1245,1244
1745422446.2879677,100,10,1243,1246
1745422446.2879677,102,10,1249,1248
1745422446.2889688,101,10,1247,1252
1745422446.2889688,103,10,1255,1254
1745422446.2889688,100,10,1253,1256
1745422446.2889688,102,10,1259,1258
1745422446.2889688,101,10,1257,1262
1745422446.2889688,103,10,1265,1264
1745422446.2899678,100,10,1263,1266
1745422446.2899678,102,10,1269,1268
1745422446.2899678,101,10,1267,1272
1745422446.2899678,103,10,1275,1274
1745422446.2899678,100,10,1273,1276
1745422446.2909691,102,10,1279,1278
1745422446.2909691,101,10,1277,1282
1745422446.2909691,103,10,1285,1284
1745422446.2909691,100,10,1283,1286
1745422446.2909691,102,10,1289,1288
1745422446.2909691,101,10,1287,1292
1745422446.2909691,103,10,1295,1294
1745422446.291969,100,10,1293,1296
1745422446.291969,102,10,1299,1298
1745422446.291969,101,10,1297,1302
1745422446.291969,103,10,1305,1304
1745422446.291969,100,10,1303,1306
1745422446.291969,102,10,1309,1308
1745422446.291969,101,10,1307,1312
1745422446.291969,103,10,1315,1314
1745422446.293385,100,10,1313,1316
1745422446.293385,102,10,1319,1318
1745422446.293385,101,10,1317,1322
1745422446.293385,103,10,1325,1324
1745422446.293385,100,10,1323,1326
1745422446.293385,102,10,1329,1328
1745422446.293385,101,10,1327,1332
1745422446.2943916,103,10,1335,1334
1745422446.2943916,100,10,1333,1336
1745422446.2943916,102,10,1339,1338
1745422446.2943916,101,10,1337,1342
1745422446.2953916,103,10,1345,1344
1745422446.2953916,100,10,1343,1346
1745422446.2953916,102,10,1349,1348
1745422446.2953916,101,10,1347,1352
1745422446.2953916,103,10,1355,1354
1745422446.2965584,100,10,1353,1356
1745422446.2965584,102,10,1359,1358
1745422446.2965584,101,10,1357,1362
1745422446.2965584,103,10,1365,1364
1745422446.2965584,100,10,1363,1366
1745422446.2975647,102,10,1369,1368
1745422446.2975647,101,10,1367,1372
1745422446.2975647,103,10,1375,1374
1745422446.2975647,100,10,1373,1376
1745422446.2975647,102,10,1379,1378
1745422446.2986915,101,10,1377,1382
1745422446.2986915,103,10,1385,1384
1745422446.2986915,100,10,1383,1386
1745422446.2986915,102,10,1389,1388
1745422446.2986915,101,10,1387,1392
1745422446.299694,103,10,1395,1394
1745422446.299694,100,10,1393,1396
1745422446.299694,102,10,1399,1398
1745422446.299694,101,10,1397,1402
1745422446.300708,103,10,1405,1404
1745422446.300708,100,10,1403,1406
1745422446.300708,102,10,1409,1408
1745422446.300708,101,10,1407,1412
1745422446.300708,103,10,1415,1414
1745422446.3017144,100,10,1413,1416
1745422446.3017144,102,10,1419,1418
1745422446.3017144,101,10,1417,1422
1745422446.3017144,103,10,1425,1424
1745422446.3017144,100,10,1423,1426
1745422446.3017144,102,10,1429,1428
1745422446.3017144,101,10,1427,1432
1745422446.3031492,103,10,1435,1434
1745422446.3031492,100,10,1433,1436
1745422446.3031492,102,10,1439,1438
1745422446.3031492,101,10,1437,1442
1745422446.3041563,103,10,1445,1444
1745422446.3041563,100,10,1443,1446
1745422446.3041563,102,10,1449,1448
1745422446.3041563,101,10,1447,1452
1745422446.3041563,103,10,1455,1454
1745422446.3054802,100,10,1453,1456
1745422446.3054802,102,10,1459,1458
1745422446.3054802,101,10,1457,1462
1745422446.3054802,103,10,1465,1464
1745422446.306488,100,10,1463,1466
1745422446.306488,102,10,1469,1468
1745422446.306488,101,10,1467,1472
1745422446.306488,103,10,1475,1474
1745422446.307487,100,10,1473,1476
1745422446.307487,102,10,1479,1478
1745422446.307487,101,10,1477,1482
1745422446.307487,103,10,1485,1484
1745422446.307487,100,10,1483,1486
1745422446.307487,102,10,1489,1488
1745422446.307487,101,10,1487,1492
1745422446.307487,103,10,1495,1494
1745422446.3086004,100,10,1493,1496
1745422446.308723,102,10,1499,1498
1745422446.308723,101,10,1497,1502
1745422446.308723,103,10,1505,1504
1745422446.308723,100,10,1503,1506
1745422446.308723,102,10,1509,1508
1745422446.3097231,101,10,1507,1512
1745422446.3097231,103,10,1515,1514
1745422446.3097231,100,10,1513,1516
1745422446.3097231,102,10,1519,1518
1745422446.3097231,101,10,1517,1522
1745422446.3097231,103,10,1525,1524
1745422446.3097231,100,10,1523,1526
1745422446.3097231,102,10,1529,1528
1745422446.3097231,101,10,1527,1532
1745422446.3111424,103,10,1535,1534
1745422446.3111424,100,10,1533,1536
1745422446.3111424,102,10,1539,1538
1745422446.3111424,101,10,1537,1542
1745422446.3111424,103,10,1545,1544
1745422446.3121493,100,10,1543,1546
1745422446.3121493,102,10,1549,1548
1745422446.3121493,101,10,1547,1552
1745422446.3121493,103,10,1555,1554
1745422446.3132887,100,10,1553,1556
1745422446.3132887,102,10,1559,1558
1745422446.3132887,101,10,1557,1562
1745422446.3132887,103,10,1565,1564
1745422446.3132887,100,10,1563,1566
1745422446.314295,102,10,1569,1568
1745422446.314295,101,10,1567,1572
1745422446.314295,103,10,1575,1574
1745422446.314295,100,10,1573,1576
1745422446.314295,102,10,1579,1578
1745422446.314295,101,10,1577,1582
1745422446.314295,103,10,1585,1584
1745422446.314295,100,10,1583,1586
1745422446.3155985,102,10,1589,1588
1745422446.3155985,101,10,1587,1592
1745422446.3155985,103,10,1595,1594
1745422446.3155985,100,10,1593,1596
1745422446.3155985,102,10,1599,1598
1745422446.3155985,101,10,1597,1602
1745422446.3155985,103,10,1605,1604
1745422446.3155985,100,10,1603,1606
1745422446.3167133,102,10,1609,1608
1745422446.3167133,101,10,1607,1612
1745422446.3167133,103,10,1615,1614
1745422446.3167133,100,10,1613,1616
1745422446.3167133,102,10,1619,1618
1745422446.3167133,101,10,1617,1622
1745422446.3167133,103,10,1625,1624
1745422446.3167133,100,10,1623,1626
1745422446.3183172,102,10,1629,1628
1745422446.3183172,101,10,1627,1632
1745422446.3183172,103,10,1635,1634
1745422446.3183172,100,10,1633,1636
1745422446.319325,102,10,1639,1638
1745422446.319325,101,10,1637,1642
1745422446.319325,103,10,1645,1644
1745422446.319325,100,10,1643,1646
1745422446.3203242,102,10,1649,1648
1745422446.3203242,101,10,1647,1652
1745422446.3203242,103,10,1655,1654
1745422446.3203242,100,10,1653,1656
1745422446.3213236,102,10,1659,1658
1745422446.3213236,101,10,1657,1662
1745422446.3213236,103,10,1665,1664
1745422446.3213236,100,10,1663,1666
1745422446.3213236,102,10,1669,1668
1745422446.3213236,101,10,1667,1672
1745422446.322324,103,10,1675,1674
1745422446.322324,100,10,1673,1676
1745422446.322324,102,10,1679,1678
1745422446.322324,101,10,1677,1682
1745422446.322324,103,10,1685,1684
1745422446.322324,100,10,1683,1686
1745422446.3233252,102,10,1689,1688
1745422446.3233252,101,10,1687,1692
1745422446.3233252,103,10,1695,1694
1745422446.3233252,100,10,1693,1696
1745422446.3243234,102,10,1699,1698
1745422446.3243234,101,10,1697,1702
1745422446.3243234,103,10,1705,1704
1745422446.3243234,100,10,1703,1706
1745422446.3243234,102,10,1709,1708
1745422446.3243234,101,10,1707,1712
1745422446.3243234,103,10,1715,1714
1745422446.325324,100,10,1713,1716
1745422446.325324,102,10,1719,1718
1745422446.325324,101,10,1717,1722
1745422446.325324,103,10,1725,1724
1745422446.326324,100,10,1723,1726
1745422446.326324,102,10,1729,1728
1745422446.326324,101,10,1727,1732
1745422446.326324,103,10,1735,1734
1745422446.326324,100,10,1733,1736
1745422446.326324,102,10,1739,1738
1745422446.326324,101,10,1737,1742
1745422446.327483,103,10,1745,1744
1745422446.327483,100,10,1743,1746
1745422446.327483,102,10,1749,1748
1745422446.327483,101,10,1747,1752
1745422446.327483,103,10,1755,1754
1745422446.3284848,100,10,1753,1756
1745422446.3284848,102,10,1759,1758
1745422446.3284848,101,10,1757,1762
1745422446.3284848,103,10,1765,1764
1745422446.3284848,100,10,1763,1766
1745422446.3284848,102,10,1769,1768
1745422446.3294835,101,10,1767,1772
1745422446.3294835,103,10,1775,1774
1745422446.3294835,100,10,1773,1776
1745422446.3294835,102,10,1779,1778
1745422446.3294835,101,10,1777,1782
1745422446.3294835,103,10,1785,1784
1745422446.3294835,100,10,1783,1786
1745422446.3305938,102,10,1789,1788
1745422446.3305938,101,10,1787,1792
1745422446.3305938,103,10,1795,1794
1745422446.3305938,100,10,1793,1796
1745422446.3305938,102,10,1799,1798
1745422446.3305938,101,10,1797,1802
1745422446.3305938,103,10,1805,1804
1745422446.3315938,100,10,1803,1806
1745422446.3315938,102,10,1809,1808
1745422446.3315938,101,10,1807,1812
1745422446.3315938,103,10,1815,1814
1745422446.3315938,100,10,1813,1816
1745422446.3325937,102,10,1819,1818
1745422446.3325937,101,10,1817,1822
1745422446.3325937,103,10,1825,1824
1745422446.3325937,100,10,1823,1826
1745422446.3325937,102,10,1829,1828
1745422446.3325937,101,10,1827,1832
1745422446.3340118,103,10,1835,1834
1745422446.3340118,100,10,1833,1836
1745422446.3340118,102,10,1839,1838
1745422446.3340118,101,10,1837,1842
1745422446.3340118,103,10,1845,1844
1745422446.3340118,100,10,1843,1846
1745422446.3340118,102,10,1849,1848
1745422446.3340118,101,10,1847,1852
1745422446.3340118,103,10,1855,1854
1745422446.3340118,100,10,1853,1856
1745422446.3354774,102,10,1859,1858
1745422446.3354774,101,10,1857,1862
1745422446.3354774,103,10,1865,1864
1745422446.3354774,100,10,1863,1866
1745422446.3354774,102,10,1869,1868
1745422446.3364844,101,10,1867,1872
1745422446.3364844,103,10,1875,1874
1745422446.3364844,100,10,1873,1876
1745422446.3364844,102,10,1879,1878
1745422446.3364844,101,10,1877,1882
1745422446.3364844,103,10,1885,1884
1745422446.3364844,100,10,1883,1886
1745422446.3374844,102,10,1889,1888
1745422446.3376157,101,10,1887,1892
1745422446.3376157,103,10,1895,1894
1745422446.3376157,100,10,1893,1896
1745422446.3376157,102,10,1899,1898
1745422446.3376157,101,10,1897,1902
1745422446.3376157,103,10,1905,1904
1745422446.3388956,100,10,1903,1906
1745422446.3388956,102,10,1909,1908
1745422446.3388956,101,10,1907,1912
1745422446.3388956,103,10,1915,1914
1745422446.3388956,100,10,1913,1916
1745422446.339903,102,10,1919,1918
1745422446.339903,101,10,1917,1922
1745422446.339903,103,10,1925,1924
1745422446.339903,100,10,1923,1926
1745422446.339903,102,10,1929,1928
1745422446.34111,101,10,1927,1932
1745422446.34111,103,10,1935,1934
1745422446.34111,100,10,1933,1936
1745422446.34111,102,10,1939,1938
1745422446.34111,101,10,1937,1942
1745422446.34111,103,10,1945,1944
1745422446.34111,100,10,1943,1946
1745422446.342276,102,10,1949,1948
1745422446.342276,101,10,1947,1952
1745422446.342276,103,10,1955,1954
1745422446.342276,100,10,1953,1956
1745422446.343283,102,10,1959,1958
1745422446.343283,101,10,1957,1962
1745422446.343283,103,10,1965,1964
1745422446.343283,100,10,1963,1966
1745422446.343283,102,10,1969,1968
1745422446.343283,101,10,1967,1972
1745422446.3445282,103,10,1975,1974
1745422446.3445282,100,10,1973,1976
1745422446.3445282,102,10,1979,1978
1745422446.3445282,101,10,1977,1982
1745422446.3445282,103,10,1985,1984
1745422446.3458297,100,10,1983,1986
1745422446.3458297,102,10,1989,1988
1745422446.3458297,101,10,1987,1992
1745422446.3458297,103,10,1995,1994
1745422446.3458297,100,10,1993,1996
1745422446.3458297,102,10,1999,1998
1745422446.3458297,101,10,1997,2002
1745422446.3458297,103,10,2005,2004
1745422446.3458297,100,10,2003,2006
1745422446.3458297,102,10,2009,2008
1745422446.34733,101,10,2007,2012
1745422446.34733,103,10,2015,2014
1745422446.34733,100,10,2013,2016
1745422446.34733,102,10,2019,2018
1745422446.34733,101,10,2017,2022
1745422446.3483365,103,10,2025,2024
1745422446.348454,100,10,2023,2026
1745422446.348454,102,10,2029,2028
1745422446.348454,101,10,2027,2032
1745422446.348454,103,10,2035,2034
1745422446.348454,100,10,2033,2036
1745422446.348454,102,10,2039,2038
1745422446.3494544,101,10,2037,2042
1745422446.3494544,103,10,2045,2044
1745422446.3494544,100,10,2043,2046
1745422446.3494544,102,10,2049,2048
1745422446.3494544,101,10,2047,2052
1745422446.3494544,103,10,2055,2054
1745422446.3494544,100,10,2053,2056
1745422446.3494544,102,10,2059,2058
1745422446.350827,101,10,2057,2062
1745422446.350827,103,10,2065,2064
1745422446.350827,100,10,2063,2066
1745422446.350827,102,10,2069,2068
1745422446.350827,101,10,2067,2072
1745422446.350827,103,10,2075,2074
1745422446.350827,100,10,2073,2076
1745422446.350827,102,10,2079,2078
1745422446.350827,101,10,2077,2082
1745422446.350827,103,10,2085,2084
1745422446.350827,100,10,2083,2086
1745422446.352329,102,10,2089,2088
1745422446.352329,101,10,2087,2092
1745422446.352329,103,10,2095,2094
1745422446.352329,100,10,2093,2096
1745422446.352329,102,10,2099,2098
1745422446.352329,101,10,2097,2102
1745422446.3533354,103,10,2105,2104
1745422446.3533354,100,10,2103,2106
1745422446.3533354,102,10,2109,2108
1745422446.3533354,101,10,2107,2112
1745422446.3533354,103,10,2115,2114
1745422446.3533354,100,10,2113,2116
1745422446.3533354,102,10,2119,2118
1745422446.3533354,101,10,2117,2122
1745422446.3533354,103,10,2125,2124
1745422446.3533354,100,10,2123,2126
1745422446.3546379,102,10,2129,2128
1745422446.3546379,101,10,2127,2132
1745422446.3546379,103,10,2135,2134
1745422446.3546379,100,10,2133,2136
1745422446.3546379,102,10,2139,2138
1745422446.3546379,101,10,2137,2142
1745422446.3560026,103,10,2145,2144
1745422446.3560026,100,10,2143,2146
1745422446.3560026,102,10,2149,2148
1745422446.3560026,101,10,2147,2152
1745422446.3560026,103,10,2155,2154
1745422446.3560026,100,10,2153,2156
1745422446.357009,102,10,2159,2158
1745422446.357009,101,10,2157,2162
1745422446.357009,103,10,2165,2164
1745422446.357009,100,10,2163,2166
1745422446.357009,102,10,2169,2168
1745422446.357009,101,10,2167,2172
1745422446.357009,103,10,2175,2174
1745422446.357009,100,10,2173,2176
1745422446.358131,102,10,2179,2178
1745422446.358131,101,10,2177,2182
1745422446.358131,103,10,2185,2184
1745422446.358131,100,10,2183,2186
1745422446.358131,102,10,2189,2188
1745422446.358131,101,10,2187,2192
1745422446.3594298,103,10,2195,2194
1745422446.3594298,100,10,2193,2196
1745422446.3594298,102,10,2199,2198
1745422446.3594298,101,10,2197,2202
1745422446.3594298,103,10,2205,2204
1745422446.3594298,100,10,2203,2206
1745422446.3605702,102,10,2209,2208
1745422446.3605702,101,10,2207,2212
1745422446.3605702,103,10,2215,2214
1745422446.3605702,100,10,2213,2216
1745422446.3605702,102,10,2219,2218
1745422446.3616953,101,10,2217,2222
1745422446.3616953,103,10,2225,2224
1745422446.3616953,100,10,2223,2226
1745422446.3616953,102,10,2229,2228
1745422446.3616953,101,10,2227,2232
1745422446.3616953,103,10,2235,2234
1745422446.3616953,100,10,2233,2236
1745422446.3616953,102,10,2239,2238
1745422446.3630486,101,10,2237,2242
1745422446.3630486,103,10,2245,2244
1745422446.3630486,100,10,2243,2246
1745422446.3630486,102,10,2249,2248
1745422446.3630486,101,10,2247,2252
1745422446.3630486,103,10,2255,2254
1745422446.3630486,100,10,2253,2256
1745422446.3644884,102,10,2259,2258
1745422446.3644884,101,10,2257,2262
1745422446.3644884,103,10,2265,2264
1745422446.3644884,100,10,2263,2266
1745422446.3654962,102,10,2269,2268
1745422446.3654962,101,10,2267,2272
1745422446.3654962,103,10,2275,2274
1745422446.3654962,100,10,2273,2276
1745422446.3654962,102,10,2279,2278
1745422446.3654962,101,10,2277,2282
1745422446.3665195,103,10,2285,2284
1745422446.3665195,100,10,2283,2286
1745422446.3665195,102,10,2289,2288
1745422446.3665195,101,10,2287,2292
1745422446.3665195,103,10,2295,2294
1745422446.3665195,100,10,2293,2296
1745422446.367528,102,10,2299,2298
1745422446.3676443,101,10,2297,2302
1745422446.3676443,103,10,2305,2304
1745422446.3676443,100,10,2303,2306
1745422446.3676443,102,10,2309,2308
1745422446.3676443,101,10,2307,2312
1745422446.3676443,103,10,2315,2314
1745422446.3676443,100,10,2313,2316
1745422446.3686516,102,10,2319,2318
1745422446.3686516,101,10,2317,2322
1745422446.3686516,103,10,2325,2324
1745422446.3686516,100,10,2323,2326
1745422446.3686516,102,10,2329,2328
1745422446.3696523,101,10,2327,2332
1745422446.3696523,103,10,2335,2334
1745422446.3696523,100,10,2333,2336
1745422446.3696523,102,10,2339,2338
1745422446.3696523,101,10,2337,2342
1745422446.3696523,103,10,2345,2344
1745422446.3696523,100,10,2343,2346
1745422446.3696523,102,10,2349,2348
1745422446.370988,101,10,2347,2352
1745422446.370988,103,10,2355,2354
1745422446.370988,100,10,2353,2356
1745422446.370988,102,10,2359,2358
1745422446.370988,101,10,2357,2362
1745422446.3720236,103,10,2365,2364
1745422446.3720236,100,10,2363,2366
1745422446.3720236,102,10,2369,2368
1745422446.3720236,101,10,2367,2372
1745422446.37303,103,10,2375,2374
1745422446.37303,100,10,2373,2376
1745422446.37303,102,10,2379,2378
1745422446.37303,101,10,2377,2382
1745422446.37303,103,10,2385,2384
1745422446.37303,100,10,2383,2386
1745422446.3744714,102,10,2389,2388
1745422446.3744714,101,10,2387,2392
1745422446.3744714,103,10,2395,2394
1745422446.3744714,100,10,2393,2396
1745422446.3744714,102,10,2399,2398
1745422446.3744714,101,10,2397,2402
1745422446.3756692,103,10,2405,2404
1745422446.3756692,100,10,2403,2406
1745422446.3756692,102,10,2409,2408
1745422446.3756692,101,10,2407,2412
1745422446.3756692,103,10,2415,2414
1745422446.3768153,100,10,2413,2416
1745422446.3768153,102,10,2419,2418
1745422446.3768153,101,10,2417,2422
1745422446.3768153,103,10,2425,2424
1745422446.3768153,100,10,2423,2426
1745422446.377947,102,10,2429,2428
1745422446.3780444,101,10,2427,2432
1745422446.3780444,103,10,2435,2434
1745422446.3780444,100,10,2433,2436
1745422446.3780444,102,10,2439,2438
1745422446.3780444,101,10,2437,2442
1745422446.3780444,103,10,2445,2444
1745422446.3780444,100,10,2443,2446
1745422446.3790448,102,10,2449,2448
1745422446.3790448,101,10,2447,2452
1745422446.3790448,103,10,2455,2454
1745422446.380046,100,10,2453,2456
1745422446.380046,102,10,2459,2458
1745422446.380046,101,10,2457,2462
1745422446.380046,103,10,2465,2464
1745422446.380046,100,10,2463,2466
1745422446.3812482,102,10,2469,2468
1745422446.3812482,101,10,2467,2472
1745422446.3812482,103,10,2475,2474
1745422446.3812482,100,10,2473,2476
1745422446.3812482,102,10,2479,2478
1745422446.3822553,101,10,2477,2482
1745422446.3822553,103,10,2485,2484
1745422446.3822553,100,10,2483,2486
1745422446.3822553,102,10,2489,2488
1745422446.3822553,101,10,2487,2492
1745422446.3822553,103,10,2495,2494
1745422446.3836005,100,10,2493,2496
1745422446.3836005,102,10,2499,2498
1745422446.3836005,101,10,2497,2502
1745422446.3836005,103,10,2505,2504
1745422446.3836005,100,10,2503,2506
1745422446.3846073,102,10,2509,2508
1745422446.3846073,101,10,2507,2512
1745422446.3846073,103,10,2515,2514
1745422446.3846073,100,10,2513,2516
1745422446.3846073,102,10,2519,2518
1745422446.3846073,101,10,2517,2522
1745422446.3846073,103,10,2525,2524
1745422446.3857963,100,10,2523,2526
1745422446.3857963,102,10,2529,2528
1745422446.3857963,101,10,2527,2532
1745422446.3857963,103,10,2535,2534
1745422446.3857963,100,10,2533,2536
1745422446.3857963,102,10,2539,2538
1745422446.3857963,101,10,2537,2542
1745422446.3857963,103,10,2545,2544
1745422446.387404,100,10,2543,2546
1745422446.387404,102,10,2549,2548
1745422446.387404,101,10,2547,2552
1745422446.387404,103,10,2555,2554
1745422446.387404,100,10,2553,2556
1745422446.388407,102,10,2559,2558
1745422446.388407,101,10,2557,2562
1745422446.388407,103,10,2565,2564
1745422446.388407,100,10,2563,2566
1745422446.388407,102,10,2569,2568
1745422446.388407,101,10,2567,2572
1745422446.388407,103,10,2575,2574
1745422446.388407,100,10,2573,2576
1745422446.3894968,102,10,2579,2578
1745422446.3894968,101,10,2577,2582
1745422446.3894968,103,10,2585,2584
1745422446.3894968,100,10,2583,2586
1745422446.3894968,102,10,2589,2588
1745422446.3894968,101,10,2587,2592
1745422446.390502,103,10,2595,2594
1745422446.390502,100,10,2593,2596
1745422446.390502,102,10,2599,2598
1745422446.390502,101,10,2597,2602
1745422446.390502,103,10,2605,2604
1745422446.390502,100,10,2603,2606
1745422446.3915403,102,10,2609,2608
1745422446.3915403,101,10,2607,2612
1745422446.3915403,103,10,2615,2614
1745422446.3915403,100,10,2613,2616
1745422446.3915403,102,10,2619,2618
1745422446.3915403,101,10,2617,2622
1745422446.3925405,103,10,2625,2624
1745422446.3925405,100,10,2623,2626
1745422446.3925405,102,10,2629,2628
1745422446.3925405,101,10,2627,2632
1745422446.3925405,103,10,2635,2634
1745422446.39354,100,10,2633,2636
1745422446.39354,102,10,2639,2638
1745422446.39354,101,10,2637,2642
1745422446.39354,103,10,2645,2644
1745422446.3945394,100,10,2643,2646
1745422446.3945394,102,10,2649,2648
1745422446.395542,101,10,2647,2652
1745422446.395542,103,10,2655,2654
1745422446.395542,100,10,2653,2656
1745422446.395542,102,10,2659,2658
1745422446.395542,101,10,2657,2662
1745422446.3968859,103,10,2665,2664
1745422446.3968859,100,10,2663,2666
1745422446.3968859,102,10,2669,2668
1745422446.3968859,101,10,2667,2672
1745422446.3978927,103,10,2675,2674
1745422446.3978927,100,10,2673,2676
1745422446.3978927,102,10,2679,2678
1745422446.398893,101,10,2677,2682
1745422446.398893,103,10,2685,2684
1745422446.398893,100,10,2683,2686
1745422446.398893,102,10,2689,2688
1745422446.398893,101,10,2687,2692
1745422446.398893,103,10,2695,2694
1745422446.400289,100,10,2693,2696
1745422446.400289,102,10,2699,2698
1745422446.400289,101,10,2697,2702
1745422446.400289,103,10,2705,2704
1745422446.400289,100,10,2703,2706
1745422446.400289,102,10,2709,2708
1745422446.4016657,101,10,2707,2712
1745422446.4016657,103,10,2715,2714
1745422446.4016657,100,10,2713,2716
1745422446.4016657,102,10,2719,2718
1745422446.4016657,101,10,2717,2722
1745422446.4016657,103,10,2725,2724
1745422446.4016657,100,10,2723,2726
1745422446.4016657,102,10,2729,2728
1745422446.4016657,101,10,2727,2732
1745422446.4031441,103,10,2735,2734
1745422446.4031441,100,10,2733,2736
1745422446.4031441,102,10,2739,2738
1745422446.4031441,101,10,2737,2742
1745422446.4031441,103,10,2745,2744
1745422446.4041843,100,10,2743,2746
1745422446.4041843,102,10,2749,2748
1745422446.4041843,101,10,2747,2752
1745422446.4041843,103,10,2755,2754
1745422446.4041843,100,10,2753,2756
1745422446.4041843,102,10,2759,2758
1745422446.4041843,101,10,2757,2762
1745422446.405418,103,10,2765,2764
1745422446.405418,100,10,2763,2766
1745422446.405418,102,10,2769,2768
1745422446.405418,101,10,2767,2772
1745422446.405418,103,10,2775,2774
1745422446.4064257,100,10,2773,2776
1745422446.4064257,102,10,2779,2778
1745422446.4064257,101,10,2777,2782
1745422446.4064257,103,10,2785,2784
1745422446.4074252,100,10,2783,2786
1745422446.4074252,102,10,2789,2788
1745422446.4074252,101,10,2787,2792
1745422446.4074252,103,10,2795,2794
1745422446.4084246,100,10,2793,2796
1745422446.4084246,102,10,2799,2798
1745422446.4084246,101,10,2797,2802
1745422446.4084246,103,10,2805,2804
1745422446.4084246,100,10,2803,2806
1745422446.4084246,102,10,2809,2808
1745422446.4084246,101,10,2807,2812
1745422446.4084246,103,10,2815,2814
1745422446.40984,100,10,2813,2816
1745422446.40984,102,10,2819,2818
1745422446.40984,101,10,2817,2822
1745422446.40984,103,10,2825,2824
1745422446.40984,100,10,2823,2826
1745422446.411029,102,10,2829,2828
1745422446.411029,101,10,2827,2832
1745422446.411029,103,10,2835,2834
1745422446.411029,100,10,2833,2836
1745422446.411029,102,10,2839,2838
1745422446.411029,101,10,2837,2842
1745422446.4120865,103,10,2845,2844
1745422446.4120865,100,10,2843,2846
1745422446.4120865,102,10,2849,2848
1745422446.4120865,101,10,2847,2852
1745422446.4120865,103,10,2855,2854
1745422446.4120865,100,10,2853,2856
1745422446.4130933,102,10,2859,2858
1745422446.4130933,101,10,2857,2862
1745422446.4130933,103,10,2865,2864
1745422446.4130933,100,10,2863,2866
1745422446.4130933,102,10,2869,2868
1745422446.4140928,101,10,2867,2872
1745422446.4140928,103,10,2875,2874
1745422446.4140928,100,10,2873,2876
1745422446.4140928,102,10,2879,2878
1745422446.4140928,101,10,2877,2882
1745422446.4140928,103,10,2885,2884
1745422446.4140928,100,10,2883,2886
1745422446.4151602,102,10,2889,2888
1745422446.4151602,101,10,2887,2892
1745422446.4151602,103,10,2895,2894
1745422446.4151602,100,10,2893,2896
1745422446.4151602,102,10,2899,2898
1745422446.4151602,101,10,2897,2902
1745422446.4163103,103,10,2905,2904
1745422446.4163103,100,10,2903,2906
1745422446.4163103,102,10,2909,2908
1745422446.4163103,101,10,2907,2912
1745422446.4163103,103,10,2915,2914
1745422446.4163103,100,10,2913,2916
1745422446.4163103,102,10,2919,2918
1745422446.4175003,101,10,2917,2922
1745422446.4176486,103,10,2925,2924
1745422446.4176486,100,10,2923,2926
1745422446.4176486,102,10,2929,2928
1745422446.4176486,101,10,2927,2932
1745422446.418648,103,10,2935,2934
1745422446.418648,100,10,2933,2936
1745422446.418648,102,10,2939,2938
1745422446.418648,101,10,2937,2942
1745422446.418648,103,10,2945,2944
1745422446.418648,100,10,2943,2946
1745422446.418648,102,10,2949,2948
1745422446.418648,101,10,2947,2952
1745422446.418648,103,10,2955,2954
1745422446.4201334,100,10,2953,2956
1745422446.4201334,102,10,2959,2958
1745422446.4201334,101,10,2957,2962
1745422446.4201334,103,10,2965,2964
1745422446.4201334,100,10,2963,2966
1745422446.4201334,102,10,2969,2968
1745422446.4201334,101,10,2967,2972
1745422446.4201334,103,10,2975,2974
1745422446.4201334,100,10,2973,2976
1745422446.4216232,102,10,2979,2978
1745422446.4216232,101,10,2977,2982
1745422446.4216232,103,10,2985,2984
1745422446.4216232,100,10,2983,2986
1745422446.4216232,102,10,2989,2988
1745422446.4216232,101,10,2987,2992
1745422446.423064,103,10,2995,2994
1745422446.423064,100,10,2993,2996
1745422446.423064,102,10,2999,2998
1745422446.423064,101,10,2997,3002
1745422446.423064,103,10,3005,3004
1745422446.423064,100,10,3003,3006
1745422446.423064,102,10,3009,3008
1745422446.4243808,101,10,3007,3012
1745422446.4243808,103,10,3015,3014
1745422446.4243808,100,10,3013,3016
1745422446.4243808,102,10,3019,3018
1745422446.4243808,101,10,3017,3022
1745422446.4253807,103,10,3025,3024
1745422446.4253807,100,10,3023,3026
1745422446.4253807,102,10,3029,3028
1745422446.4253807,101,10,3027,3032
1745422446.4253807,103,10,3035,3034
1745422446.4263828,100,10,3033,3036
1745422446.4263828,102,10,3039,3038
1745422446.4263828,101,10,3037,3042
1745422446.4263828,103,10,3045,3044
1745422446.4263828,100,10,3043,3046
1745422446.4263828,102,10,3049,3048
1745422446.4263828,101,10,3047,3052
1745422446.4263828,103,10,3055,3054
1745422446.4276087,100,10,3053,3056
1745422446.4276087,102,10,3059,3058
1745422446.4276087,101,10,3057,3062
1745422446.4276087,103,10,3065,3064
1745422446.4287126,100,10,3063,3066
1745422446.428822,102,10,3069,3068
1745422446.428822,101,10,3067,3072
1745422446.428822,103,10,3075,3074
1745422446.428822,100,10,3073,3076
1745422446.429822,102,10,3079,3078
1745422446.429822,101,10,3077,3082
1745422446.429822,103,10,3085,3084
1745422446.429822,100,10,3083,3086
1745422446.4308236,102,10,3089,3088
1745422446.4308236,101,10,3087,3092
1745422446.4308236,103,10,3095,3094
1745422446.4308236,100,10,3093,3096
1745422446.4308236,102,10,3099,3098
1745422446.4308236,101,10,3097,3102
1745422446.4308236,103,10,3105,3104
1745422446.4308236,100,10,3103,3106
1745422446.4321878,102,10,3109,3108
1745422446.4321878,101,10,3107,3112
1745422446.4321878,103,10,3115,3114
1745422446.4321878,100,10,3113,3116
1745422446.4321878,102,10,3119,3118
1745422446.4321878,101,10,3117,3122
1745422446.4321878,103,10,3125,3124
1745422446.4321878,100,10,3123,3126
1745422446.4321878,102,10,3129,3128
1745422446.4321878,101,10,3127,3132
1745422446.4335725,103,10,3135,3134
1745422446.4335725,100,10,3133,3136
1745422446.4335725,102,10,3139,3138
1745422446.4335725,101,10,3137,3142
1745422446.4335725,103,10,3145,3144
1745422446.4335725,100,10,3143,3146
1745422446.4345803,102,10,3149,3148
1745422446.4345803,101,10,3147,3152
1745422446.4345803,103,10,3155,3154
1745422446.435608,100,10,3153,3156
1745422446.435608,102,10,3159,3158
1745422446.435608,101,10,3157,3162
1745422446.435608,103,10,3165,3164
1745422446.4365804,100,10,3163,3166
1745422446.4365804,102,10,3169,3168
1745422446.4365804,101,10,3167,3172
1745422446.4365804,103,10,3175,3174
1745422446.4365804,100,10,3173,3176
1745422446.4365804,102,10,3179,3178
1745422446.437579,101,10,3177,3182
1745422446.437579,103,10,3185,3184
1745422446.437579,100,10,3183,3186
1745422446.437579,102,10,3189,3188
1745422446.437579,101,10,3187,3192
1745422446.438647,103,10,3195,3194
1745422446.4387608,100,10,3193,3196
1745422446.4387608,102,10,3199,3198
1745422446.4387608,101,10,3197,3202
1745422446.4387608,103,10,3205,3204
1745422446.4387608,100,10,3203,3206
1745422446.4397614,102,10,3209,3208
1745422446.4397614,101,10,3207,3212
1745422446.4397614,103,10,3215,3214
1745422446.4397614,100,10,3213,3216
1745422446.4397614,102,10,3219,3218
1745422446.4397614,101,10,3217,3222
1745422446.4411328,103,10,3225,3224
1745422446.4411328,100,10,3223,3226
1745422446.4411328,102,10,3229,3228
1745422446.4411328,101,10,3227,3232
1745422446.4411328,103,10,3235,3234
1745422446.4421391,100,10,3233,3236
1745422446.4421391,102,10,3239,3238
1745422446.4421391,101,10,3237,3242
1745422446.4421391,103,10,3245,3244
1745422446.4421391,100,10,3243,3246
1745422446.4431467,102,10,3249,3248
1745422446.4431467,101,10,3247,3252
1745422446.4431467,103,10,3255,3254
1745422446.4431467,100,10,3253,3256
1745422446.4431467,102,10,3259,3258
1745422446.4431467,101,10,3257,3262
1745422446.4431467,103,10,3265,3264
1745422446.4444036,100,10,3263,3266
1745422446.4444036,102,10,3269,3268
1745422446.4444036,101,10,3267,3272
1745422446.4444036,103,10,3275,3274
1745422446.4454107,100,10,3273,3276
1745422446.4454107,102,10,3279,3278
1745422446.4454107,101,10,3277,3282
1745422446.4454107,103,10,3285,3284
1745422446.4454107,100,10,3283,3286
1745422446.4454107,102,10,3289,3288
1745422446.44641,101,10,3287,3292
1745422446.44641,103,10,3295,3294
1745422446.44641,100,10,3293,3296
1745422446.44641,102,10,3299,3298
1745422446.44641,101,10,3297,3302
1745422446.4474099,103,10,3305,3304
1745422446.4474099,100,10,3303,3306
1745422446.4474099,102,10,3309,3308
1745422446.4474099,101,10,3307,3312
1745422446.448517,103,10,3315,3314
1745422446.448517,100,10,3313,3316
1745422446.448517,102,10,3319,3318
1745422446.448517,101,10,3317,3322
1745422446.448517,103,10,3325,3324
1745422446.448517,100,10,3323,3326
1745422446.4497087,102,10,3329,3328
1745422446.4497087,101,10,3327,3332
1745422446.4497087,103,10,3335,3334
1745422446.4497087,100,10,3333,3336
1745422446.4497087,102,10,3339,3338
1745422446.4509053,101,10,3337,3342
1745422446.4509053,103,10,3345,3344
1745422446.4509053,100,10,3343,3346
1745422446.4509053,102,10,3349,3348
1745422446.451912,101,10,3347,3352
1745422446.451912,103,10,3355,3354
1745422446.451912,100,10,3353,3356
1745422446.451912,102,10,3359,3358
1745422446.451912,101,10,3357,3362
1745422446.451912,103,10,3365,3364
1745422446.451912,100,10,3363,3366
1745422446.451912,102,10,3369,3368
1745422446.4533002,101,10,3367,3372
1745422446.4533002,103,10,3375,3374
1745422446.4533002,100,10,3373,3376
1745422446.4533002,102,10,3379,3378
1745422446.4533002,101,10,3377,3382
1745422446.4543078,103,10,3385,3384
1745422446.4543078,100,10,3383,3386
1745422446.4543078,102,10,3389,3388
1745422446.4543078,101,10,3387,3392
1745422446.4543078,103,10,3395,3394
1745422446.4543078,100,10,3393,3396
1745422446.4543078,102,10,3399,3398
1745422446.4555702,101,10,3397,3402
1745422446.4555702,103,10,3405,3404
1745422446.4555702,100,10,3403,3406
1745422446.4555702,102,10,3409,3408
1745422446.4555702,101,10,3407,3412
1745422446.4555702,103,10,3415,3414
1745422446.456577,100,10,3413,3416
1745422446.456577,102,10,3419,3418
1745422446.456577,101,10,3417,3422
1745422446.456577,103,10,3425,3424
1745422446.456577,100,10,3423,3426
1745422446.4580498,102,10,3429,3428
1745422446.4581604,101,10,3427,3432
1745422446.4581604,103,10,3435,3434
1745422446.4581604,100,10,3433,3436
1745422446.4581604,102,10,3439,3438
1745422446.4591672,101,10,3437,3442
1745422446.4591672,103,10,3445,3444
1745422446.4591672,100,10,3443,3446
1745422446.4591672,102,10,3449,3448
1745422446.4591672,101,10,3447,3452
1745422446.4591672,103,10,3455,3454
1745422446.4591672,100,10,3453,3456
1745422446.4591672,102,10,3459,3458
1745422446.4606552,101,10,3457,3462
1745422446.4606552,103,10,3465,3464
1745422446.4606552,100,10,3463,3466
1745422446.4606552,102,10,3469,3468
1745422446.4606552,101,10,3467,3472
1745422446.4619763,103,10,3475,3474
1745422446.4619763,100,10,3473,3476
1745422446.4619763,102,10,3479,3478
1745422446.4619763,101,10,3477,3482
1745422446.4619763,103,10,3485,3484
1745422446.4630895,100,10,3483,3486
1745422446.4630895,102,10,3489,3488
1745422446.4630895,101,10,3487,3492
1745422446.4630895,103,10,3495,3494
1745422446.4630895,100,10,3493,3496
1745422446.4630895,102,10,3499,3498
1745422446.4641235,101,10,3497,3502
1745422446.4641235,103,10,3505,3504
1745422446.4641235,100,10,3503,3506
1745422446.4641235,102,10,3509,3508
1745422446.4641235,101,10,3507,3512
1745422446.4651365,103,10,3515,3514
1745422446.4651365,100,10,3513,3516
1745422446.4651365,102,10,3519,3518
1745422446.4651365,101,10,3517,3522
1745422446.466137,103,10,3525,3524
1745422446.466137,100,10,3523,3526
1745422446.466137,102,10,3529,3528
1745422446.466137,101,10,3527,3532
1745422446.466137,103,10,3535,3534
1745422446.466137,100,10,3533,3536
1745422446.467631,102,10,3539,3538
1745422446.467631,101,10,3537,3542
1745422446.467631,103,10,3545,3544
1745422446.467631,100,10,3543,3546
1745422446.467631,102,10,3549,3548
1745422446.467631,101,10,3547,3552
1745422446.4689114,103,10,3555,3554
1745422446.4689114,100,10,3553,3556
1745422446.4689114,102,10,3559,3558
1745422446.4689114,101,10,3557,3562
1745422446.4689114,103,10,3565,3564
1745422446.469919,100,10,3563,3566
1745422446.469919,102,10,3569,3568
1745422446.469919,101,10,3567,3572
1745422446.469919,103,10,3575,3574
1745422446.469919,100,10,3573,3576
1745422446.469919,102,10,3579,3578
1745422446.469919,101,10,3577,3582
1745422446.469919,103,10,3585,3584
1745422446.4712667,100,10,3583,3586
1745422446.4712667,102,10,3589,3588
1745422446.4712667,101,10,3587,3592
1745422446.4712667,103,10,3595,3594
1745422446.4712667,100,10,3593,3596
1745422446.4722724,102,10,3599,3598
1745422446.4722724,101,10,3597,3602
1745422446.4722724,103,10,3605,3604
1745422446.4722724,100,10,3603,3606
1745422446.4722724,102,10,3609,3608
1745422446.473275,101,10,3607,3612
1745422446.473275,103,10,3615,3614
1745422446.473275,100,10,3613,3616
1745422446.473275,102,10,3619,3618
1745422446.473275,101,10,3617,3622
1745422446.473275,103,10,3625,3624
1745422446.4742732,100,10,3623,3626
1745422446.4742732,102,10,3629,3628
1745422446.4742732,101,10,3627,3632
1745422446.4742732,103,10,3635,3634
1745422446.4742732,100,10,3633,3636
1745422446.4742732,102,10,3639,3638
1745422446.4742732,101,10,3637,3642
1745422446.4742732,103,10,3645,3644
1745422446.4754684,100,10,3643,3646
1745422446.4754684,102,10,3649,3648
1745422446.4754684,101,10,3647,3652
1745422446.4754684,103,10,3655,3654
1745422446.4754684,100,10,3653,3656
1745422446.4754684,102,10,3659,3658
1745422446.476474,101,10,3657,3662
1745422446.476474,103,10,3665,3664
1745422446.476474,100,10,3663,3666
1745422446.476474,102,10,3669,3668
1745422446.476474,101,10,3667,3672
1745422446.476474,103,10,3675,3674
1745422446.476474,100,10,3673,3676
1745422446.476474,102,10,3679,3678
1745422446.476474,101,10,3677,3682
1745422446.476474,103,10,3685,3684
1745422446.4777777,100,10,3683,3686
1745422446.4779232,102,10,3689,3688
1745422446.4779232,101,10,3687,3692
1745422446.4779232,103,10,3695,3694
1745422446.4779232,100,10,3693,3696
1745422446.4779232,102,10,3699,3698
1745422446.4779232,101,10,3697,3702
1745422446.4779232,103,10,3705,3704
1745422446.4779232,100,10,3703,3706
1745422446.4779232,102,10,3709,3708
1745422446.4792535,101,10,3707,3712
1745422446.4792535,103,10,3715,3714
1745422446.4792535,100,10,3713,3716
1745422446.4792535,102,10,3719,3718
1745422446.4792535,101,10,3717,3722
1745422446.4803398,103,10,3725,3724
1745422446.4803398,100,10,3723,3726
1745422446.4803398,102,10,3729,3728
1745422446.4803398,101,10,3727,3732
1745422446.4803398,103,10,3735,3734
1745422446.481347,100,10,3733,3736
1745422446.481347,102,10,3739,3738
1745422446.481347,101,10,3737,3742
1745422446.481347,103,10,3745,3744
1745422446.481347,100,10,3743,3746
1745422446.481347,102,10,3749,3748
1745422446.482616,101,10,3747,3752
1745422446.482616,103,10,3755,3754
1745422446.482616,100,10,3753,3756
1745422446.482616,102,10,3759,3758
1745422446.482616,101,10,3757,3762
1745422446.482616,103,10,3765,3764
1745422446.482616,100,10,3763,3766
1745422446.4840193,102,10,3769,3768
1745422446.4840193,101,10,3767,3772
1745422446.4840193,103,10,3775,3774
1745422446.4840193,100,10,3773,3776
1745422446.4840193,102,10,3779,3778
1745422446.485025,101,10,3777,3782
1745422446.485025,103,10,3785,3784
1745422446.485025,100,10,3783,3786
1745422446.485025,102,10,3789,3788
1745422446.486048,101,10,3787,3792
1745422446.486048,103,10,3795,3794
1745422446.486048,100,10,3793,3796
1745422446.486048,102,10,3799,3798
1745422446.486048,101,10,3797,3802
1745422446.486048,103,10,3805,3804
1745422446.486048,100,10,3803,3806
1745422446.486048,102,10,3809,3808
1745422446.4874434,101,10,3807,3812
1745422446.4874434,103,10,3815,3814
1745422446.4874434,100,10,3813,3816
1745422446.4874434,102,10,3819,3818
1745422446.4874434,101,10,3817,3822
1745422446.4874434,103,10,3825,3824
1745422446.4874434,100,10,3823,3826
1745422446.4874434,102,10,3829,3828
1745422446.4887493,101,10,3827,3832
1745422446.4888656,103,10,3835,3834
1745422446.4888656,100,10,3833,3836
1745422446.4888656,102,10,3839,3838
1745422446.4888656,101,10,3837,3842
1745422446.4888656,103,10,3845,3844
1745422446.4888656,100,10,3843,3846
1745422446.4898674,102,10,3849,3848
1745422446.4898674,101,10,3847,3852
1745422446.4898674,103,10,3855,3854
1745422446.4898674,100,10,3853,3856
1745422446.4898674,102,10,3859,3858
1745422446.490866,101,10,3857,3862
1745422446.490866,103,10,3865,3864
1745422446.490866,100,10,3863,3866
1745422446.490866,102,10,3869,3868
1745422446.490866,101,10,3867,3872
1745422446.490866,103,10,3875,3874
1745422446.490866,100,10,3873,3876
1745422446.490866,102,10,3879,3878
1745422446.490866,101,10,3877,3882
1745422446.490866,103,10,3885,3884
1745422446.4923089,100,10,3883,3886
1745422446.4923089,102,10,3889,3888
1745422446.4923089,101,10,3887,3892
1745422446.4923089,103,10,3895,3894
1745422446.4923089,100,10,3893,3896
1745422446.4923089,102,10,3899,3898
1745422446.4923089,101,10,3897,3902
1745422446.4923089,103,10,3905,3904
1745422446.4923089,100,10,3903,3906
1745422446.4937346,102,10,3909,3908
1745422446.4937346,101,10,3907,3912
1745422446.4937346,103,10,3915,3914
1745422446.4937346,100,10,3913,3916
1745422446.4937346,102,10,3919,3918
1745422446.4937346,101,10,3917,3922
1745422446.4937346,103,10,3925,3924
1745422446.4951804,100,10,3923,3926
1745422446.4951804,102,10,3929,3928
1745422446.4951804,101,10,3927,3932
1745422446.4951804,103,10,3935,3934
1745422446.4951804,100,10,3933,3936
1745422446.4951804,102,10,3939,3938
1745422446.4964218,101,10,3937,3942
1745422446.4964218,103,10,3945,3944
1745422446.4964218,100,10,3943,3946
1745422446.4964218,102,10,3949,3948
1745422446.4974976,101,10,3947,3952
1745422446.4974976,103,10,3955,3954
1745422446.4974976,100,10,3953,3956
1745422446.4974976,102,10,3959,3958
1745422446.4974976,101,10,3957,3962
1745422446.4986012,103,10,3965,3964
1745422446.4986012,100,10,3963,3966
1745422446.4986012,102,10,3969,3968
1745422446.4986012,101,10,3967,3972
1745422446.4986012,103,10,3975,3974
1745422446.4986012,100,10,3973,3976
1745422446.499604,102,10,3979,3978
1745422446.499604,101,10,3977,3982
1745422446.499604,103,10,3985,3984
1745422446.499604,100,10,3983,3986
1745422446.499604,102,10,3989,3988
1745422446.500603,101,10,3987,3992
1745422446.500603,103,10,3995,3994
1745422446.500603,100,10,3993,3996
1745422446.500603,102,10,3999,3998
1745422446.500603,101,10,3997,4002
1745422446.5018518,103,10,4005,4004
1745422446.5018518,100,10,4003,4006
1745422446.5018518,102,10,4009,4008
1745422446.5018518,101,10,4007,4012
1745422446.5018518,103,10,4015,4014
1745422446.5018518,100,10,4013,4016
1745422446.503353,102,10,4019,4018
1745422446.503353,101,10,4017,4022
1745422446.503353,103,10,4025,4024
1745422446.503353,100,10,4023,4026
1745422446.5046203,102,10,4029,4028
1745422446.5046203,101,10,4027,4032
1745422446.5046203,103,10,4035,4034
1745422446.5046203,100,10,4033,4036
1745422446.5046203,102,10,4039,4038
1745422446.5046203,101,10,4037,4042
1745422446.506076,103,10,4045,4044
1745422446.506076,100,10,4043,4046
1745422446.506076,102,10,4049,4048
1745422446.506076,101,10,4047,4052
1745422446.506076,103,10,4055,4054
1745422446.506076,100,10,4053,4056
1745422446.506076,102,10,4059,4058
1745422446.506076,101,10,4057,4062
1745422446.5074534,103,10,4065,4064
1745422446.5074534,100,10,4063,4066
1745422446.5074534,102,10,4069,4068
1745422446.5074534,101,10,4067,4072
1745422446.5074534,103,10,4075,4074
1745422446.5074534,100,10,4073,4076
1745422446.5074534,102,10,4079,4078
1745422446.508679,101,10,4077,4082
1745422446.5087748,103,10,4085,4084
1745422446.5087748,100,10,4083,4086
1745422446.5087748,102,10,4089,4088
1745422446.5097759,101,10,4087,4092
1745422446.5097759,103,10,4095,4094
1745422446.5097759,100,10,4093,4096
1745422446.5097759,102,10,4099,4098
1745422446.5097759,101,10,4097,4102
1745422446.5097759,103,10,4105,4104
1745422446.5097759,100,10,4103,4106
1745422446.5110743,102,10,4109,4108
1745422446.5110743,101,10,4107,4112
1745422446.5110743,103,10,4115,4114
1745422446.5110743,100,10,4113,4116
1745422446.5110743,102,10,4119,4118
1745422446.5110743,101,10,4117,4122
1745422446.5110743,103,10,4125,4124
1745422446.5110743,100,10,4123,4126
1745422446.5120811,102,10,4129,4128
1745422446.5120811,101,10,4127,4132
1745422446.5120811,103,10,4135,4134
1745422446.5120811,100,10,4133,4136
1745422446.5120811,102,10,4139,4138
1745422446.5120811,101,10,4137,4142
1745422446.5120811,103,10,4145,4144
1745422446.5132108,100,10,4143,4146
1745422446.5135086,102,10,4149,4148
1745422446.5135086,101,10,4147,4152
1745422446.5135086,103,10,4155,4154
1745422446.5135086,100,10,4153,4156
1745422446.5135086,102,10,4159,4158
1745422446.5135086,101,10,4157,4162
1745422446.5145214,103,10,4165,4164
1745422446.5145214,100,10,4163,4166
1745422446.5145214,102,10,4169,4168
1745422446.5145214,101,10,4167,4172
1745422446.5145214,103,10,4175,4174
1745422446.5155194,100,10,4173,4176
1745422446.5155194,102,10,4179,4178
1745422446.5155194,101,10,4177,4182
1745422446.5165186,103,10,4185,4184
1745422446.5165186,100,10,4183,4186
1745422446.5165186,102,10,4189,4188
1745422446.5165186,101,10,4187,4192
1745422446.5175195,103,10,4195,4194
1745422446.5175195,100,10,4193,4196
1745422446.5175195,102,10,4199,4198
1745422446.5175195,101,10,4197,4202
1745422446.5175195,103,10,4205,4204
1745422446.5175195,100,10,4203,4206
1745422446.5175195,102,10,4209,4208
1745422446.5189888,101,10,4207,4212
1745422446.519274,103,10,4215,4214
1745422446.519274,100,10,4213,4216
1745422446.519274,102,10,4219,4218
1745422446.519274,101,10,4217,4222
1745422446.5202734,103,10,4225,4224
1745422446.5202734,100,10,4223,4226
1745422446.5202734,102,10,4229,4228
1745422446.5202734,101,10,4227,4232
1745422446.5202734,103,10,4235,4234
1745422446.5202734,100,10,4233,4236
1745422446.5202734,102,10,4239,4238
1745422446.521732,101,10,4237,4242
1745422446.521732,103,10,4245,4244
1745422446.521732,100,10,4243,4246
1745422446.521732,102,10,4249,4248
1745422446.521732,101,10,4247,4252
1745422446.521732,103,10,4255,4254
1745422446.5227418,100,10,4253,4256
1745422446.5227418,102,10,4259,4258
1745422446.5227418,101,10,4257,4262
1745422446.5227418,103,10,4265,4264
1745422446.5227418,100,10,4263,4266
1745422446.5227418,102,10,4269,4268
1745422446.5240202,101,10,4267,4272
1745422446.5240202,103,10,4275,4274
1745422446.5240202,100,10,4273,4276
1745422446.5240202,102,10,4279,4278
1745422446.5240202,101,10,4277,4282
1745422446.5240202,103,10,4285,4284
1745422446.5240202,100,10,4283,4286
1745422446.5240202,102,10,4289,4288
1745422446.5240202,101,10,4287,4292
1745422446.5240202,103,10,4295,4294
1745422446.5254495,100,10,4293,4296
1745422446.5254495,102,10,4299,4298
1745422446.5254495,101,10,4297,4302
1745422446.5254495,103,10,4305,4304
1745422446.5254495,100,10,4303,4306
1745422446.5254495,102,10,4309,4308
1745422446.5264554,101,10,4307,4312
1745422446.5264554,103,10,4315,4314
1745422446.5264554,100,10,4313,4316
1745422446.5264554,102,10,4319,4318
1745422446.527552,101,10,4317,4322
1745422446.527552,103,10,4325,4324
1745422446.527552,100,10,4323,4326
1745422446.527552,102,10,4329,4328
1745422446.527552,101,10,4327,4332
1745422446.527552,103,10,4335,4334
1745422446.5285532,100,10,4333,4336
1745422446.5285532,102,10,4339,4338
1745422446.5285532,101,10,4337,4342
1745422446.5285532,103,10,4345,4344
1745422446.5285532,100,10,4343,4346
1745422446.5285532,102,10,4349,4348
1745422446.5296779,101,10,4347,4352
1745422446.5296779,103,10,4355,4354
1745422446.5296779,100,10,4353,4356
1745422446.5296779,102,10,4359,4358
1745422446.5296779,101,10,4357,4362
1745422446.5296779,103,10,4365,4364
1745422446.5307047,100,10,4363,4366
1745422446.5307047,102,10,4369,4368
1745422446.5312107,101,10,4367,4372
1745422446.5312107,103,10,4375,4374
1745422446.5312107,100,10,4373,4376
1745422446.5312107,102,10,4379,4378
1745422446.5312107,101,10,4377,4382
1745422446.5312107,103,10,4385,4384
1745422446.5312107,100,10,4383,4386
1745422446.5326371,102,10,4389,4388
1745422446.5326371,101,10,4387,4392
1745422446.5326371,103,10,4395,4394
1745422446.5326371,100,10,4393,4396
1745422446.5326371,102,10,4399,4398
1745422446.5337844,101,10,4397,4402
1745422446.5337844,103,10,4405,4404
1745422446.5337844,100,10,4403,4406
1745422446.5347927,102,10,4409,4408
1745422446.5347927,101,10,4407,4412
1745422446.5347927,103,10,4415,4414
1745422446.5347927,100,10,4413,4416
1745422446.5347927,102,10,4419,4418
1745422446.53591,101,10,4417,4422
1745422446.53591,103,10,4425,4424
1745422446.53591,100,10,4423,4426
1745422446.53591,102,10,4429,4428
1745422446.53591,101,10,4427,4432
1745422446.537091,103,10,4435,4434
1745422446.537091,100,10,4433,4436
1745422446.537091,102,10,4439,4438
1745422446.537091,101,10,4437,4442
1745422446.537091,103,10,4445,4444
1745422446.537091,100,10,4443,4446
1745422446.53822,102,10,4449,4448
1745422446.53822,101,10,4447,4452
1745422446.53822,103,10,4455,4454
1745422446.53822,100,10,4453,4456
1745422446.53822,102,10,4459,4458
1745422446.53822,101,10,4457,4462
1745422446.5392225,103,10,4465,4464
1745422446.5392225,100,10,4463,4466
1745422446.5392225,102,10,4469,4468
1745422446.5392225,101,10,4467,4472
1745422446.540421,103,10,4475,4474
1745422446.540421,100,10,4473,4476
1745422446.540421,102,10,4479,4478
1745422446.540421,101,10,4477,4482
1745422446.540421,103,10,4485,4484
1745422446.5414283,100,10,4483,4486
1745422446.5414283,102,10,4489,4488
1745422446.5414283,101,10,4487,4492
1745422446.5414283,103,10,4495,4494
1745422446.5414283,100,10,4493,4496
1745422446.542429,102,10,4499,4498
1745422446.542429,101,10,4497,4502
1745422446.542429,103,10,4505,4504
1745422446.5435717,100,10,4503,4506
1745422446.5435717,102,10,4509,4508
1745422446.5435717,101,10,4507,4512
1745422446.5435717,103,10,4515,4514
1745422446.5435717,100,10,4513,4516
1745422446.5435717,102,10,4519,4518
1745422446.5445788,101,10,4517,4522
1745422446.5445788,103,10,4525,4524
1745422446.5445788,100,10,4523,4526
1745422446.5445788,102,10,4529,4528
1745422446.5445788,101,10,4527,4532
1745422446.5445788,103,10,4535,4534
1745422446.5445788,100,10,4533,4536
1745422446.5445788,102,10,4539,4538
1745422446.5445788,101,10,4537,4542
1745422446.5458593,103,10,4545,4544
1745422446.5458593,100,10,4543,4546
1745422446.5458593,102,10,4549,4548
1745422446.5458593,101,10,4547,4552
1745422446.5468674,103,10,4555,4554
1745422446.5468674,100,10,4553,4556
1745422446.5468674,102,10,4559,4558
1745422446.5468674,101,10,4557,4562
1745422446.5468674,103,10,4565,4564
1745422446.5468674,100,10,4563,4566
1745422446.5478663,102,10,4569,4568
1745422446.548008,101,10,4567,4572
1745422446.548008,103,10,4575,4574
1745422446.548008,100,10,4573,4576
1745422446.548008,102,10,4579,4578
1745422446.548008,101,10,4577,4582
1745422446.548008,103,10,4585,4584
1745422446.548008,100,10,4583,4586
1745422446.5492542,102,10,4589,4588
1745422446.5492542,101,10,4587,4592
1745422446.5492542,103,10,4595,4594
1745422446.5502613,100,10,4593,4596
1745422446.5502613,102,10,4599,4598
1745422446.5502613,101,10,4597,4602
1745422446.5502613,103,10,4605,4604
1745422446.5502613,100,10,4603,4606
1745422446.5512602,102,10,4609,4608
1745422446.5512602,101,10,4607,4612
1745422446.5512602,103,10,4615,4614
1745422446.5512602,100,10,4613,4616
1745422446.5512602,102,10,4619,4618
1745422446.5512602,101,10,4617,4622
1745422446.5512602,103,10,4625,4624
1745422446.552526,100,10,4623,4626
1745422446.552526,102,10,4629,4628
1745422446.552526,101,10,4627,4632
1745422446.5532498,103,10,4635,4634
1745422446.5532498,100,10,4633,4636
1745422446.5532498,102,10,4639,4638
1745422446.5532498,101,10,4637,4642
1745422446.5532498,103,10,4645,4644
1745422446.554257,100,10,4643,4646
1745422446.554257,102,10,4649,4648
1745422446.554257,101,10,4647,4652
1745422446.554257,103,10,4655,4654
1745422446.554257,100,10,4653,4656
1745422446.5552573,102,10,4659,4658
1745422446.5552573,101,10,4657,4662
1745422446.5552573,103,10,4665,4664
1745422446.5552573,100,10,4663,4666
1745422446.5552573,102,10,4669,4668
1745422446.5552573,101,10,4667,4672
1745422446.5552573,103,10,4675,4674
1745422446.5562563,100,10,4673,4676
1745422446.5562563,102,10,4679,4678
1745422446.5562563,101,10,4677,4682
1745422446.5562563,103,10,4685,4684
1745422446.5572574,100,10,4683,4686
1745422446.5573547,102,10,4689,4688
1745422446.5573547,101,10,4687,4692
1745422446.5573547,103,10,4695,4694
1745422446.5573547,100,10,4693,4696
1745422446.5573547,102,10,4699,4698
1745422446.5583563,101,10,4697,4702
1745422446.5583563,103,10,4705,4704
1745422446.5583563,100,10,4703,4706
1745422446.5583563,102,10,4709,4708
1745422446.559357,101,10,4707,4712
1745422446.559357,103,10,4715,4714
1745422446.559357,100,10,4713,4716
1745422446.559357,102,10,4719,4718
1745422446.559357,101,10,4717,4722
1745422446.5603576,103,10,4725,4724
1745422446.5603576,100,10,4723,4726
1745422446.5603576,102,10,4729,4728
1745422446.5603576,101,10,4727,4732
1745422446.5603576,103,10,4735,4734
1745422446.5603576,100,10,4733,4736
1745422446.5603576,102,10,4739,4738
1745422446.56172,101,10,4737,4742
1745422446.56172,103,10,4745,4744
1745422446.56172,100,10,4743,4746
1745422446.56172,102,10,4749,4748
1745422446.56172,101,10,4747,4752
1745422446.56172,103,10,4755,4754
1745422446.56172,100,10,4753,4756
1745422446.563139,102,10,4759,4758
1745422446.563139,101,10,4757,4762
1745422446.563139,103,10,4765,4764
1745422446.563139,100,10,4763,4766
1745422446.563139,102,10,4769,4768
1745422446.5642052,101,10,4767,4772
1745422446.5642052,103,10,4775,4774
1745422446.5642052,100,10,4773,4776
1745422446.5642052,102,10,4779,4778
1745422446.5642052,101,10,4777,4782
1745422446.5652115,103,10,4785,4784
1745422446.5652115,100,10,4783,4786
1745422446.5652115,102,10,4789,4788
1745422446.5652115,101,10,4787,4792
1745422446.5652115,103,10,4795,4794
1745422446.5652115,100,10,4793,4796
1745422446.566558,102,10,4799,4798
1745422446.566558,101,10,4797,4802
1745422446.566558,103,10,4805,4804
1745422446.566558,100,10,4803,4806
1745422446.566558,102,10,4809,4808
1745422446.566558,101,10,4807,4812
1745422446.566558,103,10,4815,4814
1745422446.566558,100,10,4813,4816
1745422446.566558,102,10,4819,4818
1745422446.5679102,101,10,4817,4822
1745422446.568043,103,10,4825,4824
1745422446.568043,100,10,4823,4826
1745422446.568043,102,10,4829,4828
1745422446.568043,101,10,4827,4832
1745422446.568043,103,10,4835,4834
1745422446.5690422,100,10,4833,4836
1745422446.5690422,102,10,4839,4838
1745422446.5690422,101,10,4837,4842
1745422446.5690422,103,10,4845,4844
1745422446.5690422,100,10,4843,4846
1745422446.5690422,102,10,4849,4848
1745422446.5700433,101,10,4847,4852
1745422446.5700433,103,10,4855,4854
1745422446.5700433,100,10,4853,4856
1745422446.5700433,102,10,4859,4858
1745422446.5700433,101,10,4857,4862
1745422446.5700433,103,10,4865,4864
1745422446.5710428,100,10,4863,4866
1745422446.5710428,102,10,4869,4868
1745422446.5710428,101,10,4867,4872
1745422446.5710428,103,10,4875,4874
1745422446.572047,100,10,4873,4876
1745422446.572047,102,10,4879,4878
1745422446.572047,101,10,4877,4882
1745422446.572047,103,10,4885,4884
1745422446.572047,100,10,4883,4886
1745422446.572047,102,10,4889,4888
1745422446.572047,101,10,4887,4892
1745422446.572047,103,10,4895,4894
1745422446.5733795,100,10,4893,4896
1745422446.5733795,102,10,4899,4898
1745422446.5733795,101,10,4897,4902
1745422446.5733795,103,10,4905,4904
1745422446.5733795,100,10,4903,4906
1745422446.5733795,102,10,4909,4908
1745422446.5743911,101,10,4907,4912
1745422446.5743911,103,10,4915,4914
1745422446.5743911,100,10,4913,4916
1745422446.5743911,102,10,4919,4918
1745422446.5743911,101,10,4917,4922
1745422446.575397,103,10,4925,4924
1745422446.575397,100,10,4923,4926
1745422446.575397,102,10,4929,4928
1745422446.575397,101,10,4927,4932
1745422446.575397,103,10,4935,4934
1745422446.5765424,100,10,4933,4936
1745422446.5765424,102,10,4939,4938
1745422446.5765424,101,10,4937,4942
1745422446.5765424,103,10,4945,4944
1745422446.5765424,100,10,4943,4946
1745422446.5776777,102,10,4949,4948
1745422446.5776777,101,10,4947,4952
1745422446.5776777,103,10,4955,4954
1745422446.5776777,100,10,4953,4956
1745422446.5776777,102,10,4959,4958
1745422446.5786786,101,10,4957,4962
1745422446.5786786,103,10,4965,4964
1745422446.5786786,100,10,4963,4966
1745422446.5786786,102,10,4969,4968
1745422446.5786786,101,10,4967,4972
1745422446.5786786,103,10,4975,4974
1745422446.5797405,100,10,4973,4976
1745422446.5797405,102,10,4979,4978
1745422446.5797405,101,10,4977,4982
1745422446.5797405,103,10,4985,4984
1745422446.5797405,100,10,4983,4986
1745422446.5807483,102,10,4989,4988
1745422446.5807483,101,10,4987,4992
1745422446.5807483,103,10,4995,4994
1745422446.5807483,100,10,4993,4996
1745422446.5807483,102,10,4999,4998
1745422446.5817492,101,10,4997,5002
1745422446.5817492,103,10,5005,5004
1745422446.5817492,100,10,5003,5006
1745422446.5817492,102,10,5009,5008
1745422446.5817492,101,10,5007,5012
1745422446.5817492,103,10,5015,5014
1745422446.582748,100,10,5013,5016
1745422446.582748,102,10,5019,5018
1745422446.582748,101,10,5017,5022
1745422446.582748,103,10,5025,5024
1745422446.582748,100,10,5023,5026
1745422446.5837493,102,10,5029,5028
1745422446.5837493,101,10,5027,5032
1745422446.5837493,103,10,5035,5034
1745422446.5837493,100,10,5033,5036
1745422446.5837493,102,10,5039,5038
1745422446.5847476,101,10,5037,5042
1745422446.5847476,103,10,5045,5044
1745422446.5847476,100,10,5043,5046
1745422446.5847476,102,10,5049,5048
1745422446.5847476,101,10,5047,5052
1745422446.5847476,103,10,5055,5054
1745422446.5847476,100,10,5053,5056
1745422446.5847476,102,10,5059,5058
1745422446.5858624,101,10,5057,5062
1745422446.5858624,103,10,5065,5064
1745422446.5858624,100,10,5063,5066
1745422446.5858624,102,10,5069,5068
1745422446.5858624,101,10,5067,5072
1745422446.5868695,103,10,5075,5074
1745422446.5868695,100,10,5073,5076
1745422446.5868695,102,10,5079,5078
1745422446.5868695,101,10,5077,5082
1745422446.5879934,103,10,5085,5084
1745422446.5879934,100,10,5083,5086
1745422446.5879934,102,10,5089,5088
1745422446.5879934,101,10,5087,5092
1745422446.5879934,103,10,5095,5094
1745422446.5879934,100,10,5093,5096
1745422446.5889943,102,10,5099,5098
1745422446.5889943,101,10,5097,5102
1745422446.5889943,103,10,5105,5104
1745422446.5889943,100,10,5103,5106
1745422446.5889943,102,10,5109,5108
1745422446.5889943,101,10,5107,5112
1745422446.5899947,103,10,5115,5114
1745422446.5899947,100,10,5113,5116
1745422446.5899947,102,10,5119,5118
1745422446.5899947,101,10,5117,5122
1745422446.5899947,103,10,5125,5124
1745422446.5899947,100,10,5123,5126
1745422446.5909941,102,10,5129,5128
1745422446.5909941,101,10,5127,5132
1745422446.5909941,103,10,5135,5134
1745422446.5909941,100,10,5133,5136
1745422446.5909941,102,10,5139,5138
1745422446.5909941,101,10,5137,5142
1745422446.5920188,103,10,5145,5144
1745422446.5920188,100,10,5143,5146
1745422446.5920188,102,10,5149,5148
1745422446.5920188,101,10,5147,5152
1745422446.5920188,103,10,5155,5154
1745422446.5920188,100,10,5153,5156
1745422446.5920188,102,10,5159,5158
1745422446.5920188,101,10,5157,5162
1745422446.5920188,103,10,5165,5164
1745422446.5920188,100,10,5163,5166
1745422446.5934308,102,10,5169,5168
1745422446.5934308,101,10,5167,5172
1745422446.5934308,103,10,5175,5174
1745422446.5934308,100,10,5173,5176
1745422446.5934308,102,10,5179,5178
1745422446.5944366,101,10,5177,5182
1745422446.5944366,103,10,5185,5184
1745422446.5944366,100,10,5183,5186
1745422446.5944366,102,10,5189,5188
1745422446.5944366,101,10,5187,5192
1745422446.5944366,103,10,5195,5194
1745422446.5944366,100,10,5193,5196
1745422446.5944366,102,10,5199,5198
1745422446.5944366,101,10,5197,5202
1745422446.5958903,103,10,5205,5204
1745422446.5958903,100,10,5203,5206
1745422446.5958903,102,10,5209,5208
1745422446.5958903,101,10,5207,5212
1745422446.5958903,103,10,5215,5214
1745422446.5958903,100,10,5213,5216
1745422446.5958903,102,10,5219,5218
1745422446.5958903,101,10,5217,5222
1745422446.5973861,103,10,5225,5224
1745422446.5973861,100,10,5223,5226
1745422446.5973861,102,10,5229,5228
1745422446.5973861,101,10,5227,5232
1745422446.5973861,103,10,5235,5234
1745422446.5985157,100,10,5233,5236
1745422446.5985157,102,10,5239,5238
1745422446.5985157,101,10,5237,5242
1745422446.5985157,103,10,5245,5244
1745422446.5985157,100,10,5243,5246
1745422446.5985157,102,10,5249,5248
1745422446.599544,101,10,5247,5252
1745422446.599544,103,10,5255,5254
1745422446.599544,100,10,5253,5256
1745422446.599544,102,10,5259,5258
1745422446.599544,101,10,5257,5262
1745422446.599544,103,10,5265,5264
1745422446.6005507,100,10,5263,5266
1745422446.6005507,102,10,5269,5268
1745422446.6005507,101,10,5267,5272
1745422446.6005507,103,10,5275,5274
1745422446.6005507,100,10,5273,5276
1745422446.6005507,102,10,5279,5278
1745422446.6019337,101,10,5277,5282
1745422446.6019337,103,10,5285,5284
1745422446.6019337,100,10,5283,5286
1745422446.6019337,102,10,5289,5288
1745422446.6019337,101,10,5287,5292
1745422446.6019337,103,10,5295,5294
1745422446.6019337,100,10,5293,5296
1745422446.6029422,102,10,5299,5298
1745422446.6029422,101,10,5297,5302
1745422446.6029422,103,10,5305,5304
1745422446.6029422,100,10,5303,5306
1745422446.603943,102,10,5309,5308
1745422446.603943,101,10,5307,5312
1745422446.603943,103,10,5315,5314
1745422446.603943,100,10,5313,5316
1745422446.603943,102,10,5319,5318
1745422446.603943,101,10,5317,5322
1745422446.6049426,103,10,5325,5324
1745422446.6049426,100,10,5323,5326
1745422446.6049426,102,10,5329,5328
1745422446.6049426,101,10,5327,5332
1745422446.6049426,103,10,5335,5334
1745422446.6049426,100,10,5333,5336
1745422446.6049426,102,10,5339,5338
1745422446.605942,101,10,5337,5342
1745422446.605942,103,10,5345,5344
1745422446.605942,100,10,5343,5346
1745422446.605942,102,10,5349,5348
1745422446.6069415,101,10,5347,5352
1745422446.6069415,103,10,5355,5354
1745422446.6069415,100,10,5353,5356
1745422446.6069415,102,10,5359,5358
1745422446.6069415,101,10,5357,5362
1745422446.607944,103,10,5365,5364
1745422446.6080694,100,10,5363,5366
1745422446.6080694,102,10,5369,5368
1745422446.6080694,101,10,5367,5372
1745422446.6080694,103,10,5375,5374
1745422446.6080694,100,10,5373,5376
1745422446.6080694,102,10,5379,5378
1745422446.6090727,101,10,5377,5382
1745422446.6090727,103,10,5385,5384
1745422446.6090727,100,10,5383,5386
1745422446.6090727,102,10,5389,5388
1745422446.6090727,101,10,5387,5392
1745422446.6090727,103,10,5395,5394
1745422446.6090727,100,10,5393,5396
1745422446.6100693,102,10,5399,5398
1745422446.6100693,101,10,5397,5402
1745422446.6100693,103,10,5405,5404
1745422446.6100693,100,10,5403,5406
1745422446.6100693,102,10,5409,5408
1745422446.6100693,101,10,5407,5412
1745422446.6100693,103,10,5415,5414
1745422446.6115098,100,10,5413,5416
1745422446.6115098,102,10,5419,5418
1745422446.6115098,101,10,5417,5422
1745422446.6115098,103,10,5425,5424
1745422446.6125178,100,10,5423,5426
1745422446.6125178,102,10,5429,5428
1745422446.6125178,101,10,5427,5432
1745422446.6125178,103,10,5435,5434
1745422446.6125178,100,10,5433,5436
1745422446.6135156,102,10,5439,5438
1745422446.6135156,101,10,5437,5442
1745422446.6135156,103,10,5445,5444
1745422446.6135156,100,10,5443,5446
1745422446.6135156,102,10,5449,5448
1745422446.6135156,101,10,5447,5452
1745422446.6135156,103,10,5455,5454
1745422446.6145172,100,10,5453,5456
1745422446.6145172,102,10,5459,5458
1745422446.6145172,101,10,5457,5462
1745422446.6145172,103,10,5465,5464
1745422446.6145172,100,10,5463,5466
1745422446.6145172,102,10,5469,5468
1745422446.6145172,101,10,5467,5472
1745422446.6145172,103,10,5475,5474
1745422446.6145172,100,10,5473,5476
1745422446.6155162,102,10,5479,5478
1745422446.6155162,101,10,5477,5482
1745422446.6155162,103,10,5485,5484
1745422446.6155162,100,10,5483,5486
1745422446.6155162,102,10,5489,5488
1745422446.6155162,101,10,5487,5492
1745422446.6155162,103,10,5495,5494
1745422446.6155162,100,10,5493,5496
1745422446.6165185,102,10,5499,5498
1745422446.6165185,101,10,5497,5502
1745422446.6165185,103,10,5505,5504
1745422446.6165185,100,10,5503,5506
1745422446.6165185,102,10,5509,5508
1745422446.6175163,101,10,5507,5512
1745422446.6176226,103,10,5515,5514
1745422446.6176226,100,10,5513,5516
1745422446.6176226,102,10,5519,5518
1745422446.6176226,101,10,5517,5522
1745422446.6176226,103,10,5525,5524
1745422446.6176226,100,10,5523,5526
1745422446.6176226,102,10,5529,5528
1745422446.6189866,101,10,5527,5532
1745422446.6189866,103,10,5535,5534
1745422446.6189866,100,10,5533,5536
1745422446.6189866,102,10,5539,5538
1745422446.6199925,101,10,5537,5542
1745422446.6199925,103,10,5545,5544
1745422446.6199925,100,10,5543,5546
1745422446.6199925,102,10,5549,5548
1745422446.6199925,101,10,5547,5552
1745422446.6199925,103,10,5555,5554
1745422446.6199925,100,10,5553,5556
1745422446.6209939,102,10,5559,5558
1745422446.6209939,101,10,5557,5562
1745422446.6209939,103,10,5565,5564
1745422446.6209939,100,10,5563,5566
1745422446.6209939,102,10,5569,5568
1745422446.622014,101,10,5567,5572
1745422446.622014,103,10,5575,5574
1745422446.622014,100,10,5573,5576
1745422446.622014,102,10,5579,5578
1745422446.622014,101,10,5577,5582
1745422446.6232245,103,10,5585,5584
1745422446.6232245,100,10,5583,5586
1745422446.6232245,102,10,5589,5588
1745422446.6232245,101,10,5587,5592
1745422446.6232245,103,10,5595,5594
1745422446.6232245,100,10,5593,5596
1745422446.6232245,102,10,5599,5598
1745422446.624231,101,10,5597,5602
1745422446.624231,103,10,5605,5604
1745422446.624231,100,10,5603,5606
1745422446.624231,102,10,5609,5608
1745422446.624231,101,10,5607,5612
1745422446.624231,103,10,5615,5614
1745422446.6252315,100,10,5613,5616
1745422446.6252315,102,10,5619,5618
1745422446.6252315,101,10,5617,5622
1745422446.6252315,103,10,5625,5624
1745422446.6262307,100,10,5623,5626
1745422446.6262307,102,10,5629,5628
1745422446.6262307,101,10,5627,5632
1745422446.6262307,103,10,5635,5634
1745422446.6272316,100,10,5633,5636
1745422446.6272316,102,10,5639,5638
1745422446.6272316,101,10,5637,5642
1745422446.6272316,103,10,5645,5644
1745422446.6272316,100,10,5643,5646
1745422446.6283484,102,10,5649,5648
1745422446.6283484,101,10,5647,5652
1745422446.6283484,103,10,5655,5654
1745422446.6283484,100,10,5653,5656
1745422446.6283484,102,10,5659,5658
1745422446.6283484,101,10,5657,5662
1745422446.6293716,103,10,5665,5664
1745422446.6293716,100,10,5663,5666
1745422446.6293716,102,10,5669,5668
1745422446.6293716,101,10,5667,5672
1745422446.6293716,103,10,5675,5674
1745422446.6293716,100,10,5673,5676
1745422446.63041,102,10,5679,5678
1745422446.63041,101,10,5677,5682
1745422446.63041,103,10,5685,5684
1745422446.63041,100,10,5683,5686
1745422446.6314163,102,10,5689,5688
1745422446.6314163,101,10,5687,5692
1745422446.6314163,103,10,5695,5694
1745422446.6314163,100,10,5693,5696
1745422446.6314163,102,10,5699,5698
1745422446.6314163,101,10,5697,5702
1745422446.6314163,103,10,5705,5704
1745422446.6324162,100,10,5703,5706
1745422446.6324162,102,10,5709,5708
1745422446.6324162,101,10,5707,5712
1745422446.6324162,103,10,5715,5714
1745422446.6324162,100,10,5713,5716
1745422446.6338716,102,10,5719,5718
1745422446.6338716,101,10,5717,5722
1745422446.6338716,103,10,5725,5724
1745422446.6338716,100,10,5723,5726
1745422446.6338716,102,10,5729,5728
1745422446.6348786,101,10,5727,5732
1745422446.6348786,103,10,5735,5734
1745422446.6348786,100,10,5733,5736
1745422446.6348786,102,10,5739,5738
1745422446.6358788,101,10,5737,5742
1745422446.6358788,103,10,5745,5744
1745422446.6358788,100,10,5743,5746
1745422446.6358788,102,10,5749,5748
1745422446.6368787,101,10,5747,5752
1745422446.6368787,103,10,5755,5754
1745422446.6368787,100,10,5753,5756
1745422446.6368787,102,10,5759,5758
1745422446.6378796,101,10,5757,5762
1745422446.6379983,103,10,5765,5764
1745422446.6379983,100,10,5763,5766
1745422446.6379983,102,10,5769,5768
1745422446.6379983,101,10,5767,5772
1745422446.6379983,103,10,5775,5774
1745422446.6379983,100,10,5773,5776
1745422446.6390643,102,10,5779,5778
1745422446.6390643,101,10,5777,5782
1745422446.6390643,103,10,5785,5784
1745422446.6390643,100,10,5783,5786
1745422446.6390643,102,10,5789,5788
1745422446.6390643,101,10,5787,5792
1745422446.6400704,103,10,5795,5794
1745422446.6400704,100,10,5793,5796
1745422446.6400704,102,10,5799,5798
1745422446.6400704,101,10,5797,5802
1745422446.6400704,103,10,5805,5804
1745422446.6411734,100,10,5803,5806
1745422446.6411734,102,10,5809,5808
1745422446.6411734,101,10,5807,5812
1745422446.6411734,103,10,5815,5814
1745422446.6411734,100,10,5813,5816
1745422446.6411734,102,10,5819,5818
1745422446.6421802,101,10,5817,5822
1745422446.6421802,103,10,5825,5824
1745422446.6421802,100,10,5823,5826
1745422446.6421802,102,10,5829,5828
1745422446.6421802,101,10,5827,5832
1745422446.6421802,103,10,5835,5834
1745422446.6421802,100,10,5833,5836
1745422446.6435914,102,10,5839,5838
1745422446.6435914,101,10,5837,5842
1745422446.6435914,103,10,5845,5844
1745422446.6435914,100,10,5843,5846
1745422446.6435914,102,10,5849,5848
1745422446.6447418,101,10,5847,5852
1745422446.6447418,103,10,5855,5854
1745422446.6447418,100,10,5853,5856
1745422446.6447418,102,10,5859,5858
1745422446.6447418,101,10,5857,5862
1745422446.6447418,103,10,5865,5864
1745422446.6447418,100,10,5863,5866
1745422446.6447418,102,10,5869,5868
1745422446.6447418,101,10,5867,5872
1745422446.6447418,103,10,5875,5874
1745422446.6461294,100,10,5873,5876
1745422446.6461294,102,10,5879,5878
1745422446.6461294,101,10,5877,5882
1745422446.6461294,103,10,5885,5884
1745422446.6461294,100,10,5883,5886
1745422446.647136,102,10,5889,5888
1745422446.647136,101,10,5887,5892
1745422446.647136,103,10,5895,5894
1745422446.647136,100,10,5893,5896
1745422446.647136,102,10,5899,5898
1745422446.647136,101,10,5897,5902
1745422446.647136,103,10,5905,5904
1745422446.6482458,100,10,5903,5906
1745422446.6483529,102,10,5909,5908
1745422446.6483529,101,10,5907,5912
1745422446.6483529,103,10,5915,5914
1745422446.6483529,100,10,5913,5916
1745422446.6483529,102,10,5919,5918
1745422446.649354,101,10,5917,5922
1745422446.649354,103,10,5925,5924
1745422446.649354,100,10,5923,5926
1745422446.649354,102,10,5929,5928
1745422446.649354,101,10,5927,5932
1745422446.649354,103,10,5935,5934
1745422446.6504223,100,10,5933,5936
1745422446.6504223,102,10,5939,5938
1745422446.6504223,101,10,5937,5942
1745422446.6504223,103,10,5945,5944
1745422446.6504223,100,10,5943,5946
1745422446.651457,102,10,5949,5948
1745422446.651457,101,10,5947,5952
1745422446.651457,103,10,5955,5954
1745422446.651457,100,10,5953,5956
1745422446.651457,102,10,5959,5958
1745422446.651457,101,10,5957,5962
1745422446.6524632,103,10,5965,5964
1745422446.6524632,100,10,5963,5966
1745422446.6524632,102,10,5969,5968
1745422446.6524632,101,10,5967,5972
1745422446.6524632,103,10,5975,5974
1745422446.6524632,100,10,5973,5976
1745422446.6534638,102,10,5979,5978
1745422446.6534638,101,10,5977,5982
1745422446.6534638,103,10,5985,5984
1745422446.6534638,100,10,5983,5986
1745422446.6534638,102,10,5989,5988
1745422446.6534638,101,10,5987,5992
1745422446.6544635,103,10,5995,5994
1745422446.6544635,100,10,5993,5996
1745422446.6544635,102,10,5999,5998
1745422446.6544635,101,10,5997,6002
1745422446.6554635,103,10,6005,6004
1745422446.6554635,100,10,6003,6006
1745422446.6554635,102,10,6009,6008
1745422446.6554635,101,10,6007,6012
1745422446.6554635,103,10,6015,6014
1745422446.6554635,100,10,6013,6016
1745422446.6566522,102,10,6019,6018
1745422446.6566522,101,10,6017,6022
1745422446.6566522,103,10,6025,6024
1745422446.6566522,100,10,6023,6026
1745422446.6566522,102,10,6029,6028
1745422446.6576586,101,10,6027,6032
1745422446.6577642,103,10,6035,6034
1745422446.6577642,100,10,6033,6036
1745422446.6577642,102,10,6039,6038
1745422446.6587715,101,10,6037,6042
1745422446.6587715,103,10,6045,6044
1745422446.6587715,100,10,6043,6046
1745422446.6587715,102,10,6049,6048
1745422446.6587715,101,10,6047,6052
1745422446.659772,103,10,6055,6054
1745422446.659772,100,10,6053,6056
1745422446.659772,102,10,6059,6058
1745422446.659772,101,10,6057,6062
1745422446.6607711,103,10,6065,6064
1745422446.6607711,100,10,6063,6066
1745422446.6607711,102,10,6069,6068
1745422446.6607711,101,10,6067,6072
1745422446.6607711,103,10,6075,6074
1745422446.6617718,100,10,6073,6076
1745422446.6617718,102,10,6079,6078
1745422446.6617718,101,10,6077,6082
1745422446.6617718,103,10,6085,6084
1745422446.6617718,100,10,6083,6086
1745422446.6617718,102,10,6089,6088
1745422446.6627707,101,10,6087,6092
1745422446.6627707,103,10,6095,6094
1745422446.6627707,100,10,6093,6096
1745422446.6627707,102,10,6099,6098
1745422446.6627707,101,10,6097,6102
1745422446.6637714,103,10,6105,6104
1745422446.6637714,100,10,6103,6106
1745422446.6637714,102,10,6109,6108
1745422446.6637714,101,10,6107,6112
1745422446.6637714,103,10,6115,6114
1745422446.6637714,100,10,6113,6116
1745422446.6637714,102,10,6119,6118
1745422446.6651146,101,10,6117,6122
1745422446.6651146,103,10,6125,6124
1745422446.6651146,100,10,6123,6126
1745422446.6651146,102,10,6129,6128
1745422446.6651146,101,10,6127,6132
1745422446.6661232,103,10,6135,6134
1745422446.6661232,100,10,6133,6136
1745422446.6661232,102,10,6139,6138
1745422446.6661232,101,10,6137,6142
1745422446.6661232,103,10,6145,6144
1745422446.6672776,100,10,6143,6146
1745422446.6672776,102,10,6149,6148
1745422446.6672776,101,10,6147,6152
1745422446.6672776,103,10,6155,6154
1745422446.6672776,100,10,6153,6156
1745422446.6682832,102,10,6159,6158
1745422446.668392,101,10,6157,6162
1745422446.668392,103,10,6165,6164
1745422446.668392,100,10,6163,6166
1745422446.668392,102,10,6169,6168
1745422446.6693923,101,10,6167,6172
1745422446.6693923,103,10,6175,6174
1745422446.6693923,100,10,6173,6176
1745422446.6693923,102,10,6179,6178
1745422446.6693923,101,10,6177,6182
1745422446.6703942,103,10,6185,6184
1745422446.6703942,100,10,6183,6186
1745422446.6703942,102,10,6189,6188
1745422446.6703942,101,10,6187,6192
1745422446.6703942,103,10,6195,6194
1745422446.6703942,100,10,6193,6196
1745422446.671635,102,10,6199,6198
1745422446.671635,101,10,6197,6202
1745422446.671635,103,10,6205,6204
1745422446.671635,100,10,6203,6206
1745422446.671635,102,10,6209,6208
1745422446.671635,101,10,6207,6212
1745422446.671635,103,10,6215,6214
1745422446.671635,100,10,6213,6216
1745422446.6726422,102,10,6219,6218
1745422446.6726422,101,10,6217,6222
1745422446.6726422,103,10,6225,6224
1745422446.6726422,100,10,6223,6226
1745422446.6726422,102,10,6229,6228
1745422446.6726422,101,10,6227,6232
1745422446.6726422,103,10,6235,6234
1745422446.6726422,100,10,6233,6236
1745422446.6739888,102,10,6239,6238
1745422446.6739888,101,10,6237,6242
1745422446.6739888,103,10,6245,6244
1745422446.6739888,100,10,6243,6246
1745422446.6739888,102,10,6249,6248
1745422446.6739888,101,10,6247,6252
1745422446.675488,103,10,6255,6254
1745422446.675488,100,10,6253,6256
1745422446.675488,102,10,6259,6258
1745422446.675488,101,10,6257,6262
1745422446.675488,103,10,6265,6264
1745422446.6764946,100,10,6263,6266
1745422446.6764946,102,10,6269,6268
1745422446.6764946,101,10,6267,6272
1745422446.6764946,103,10,6275,6274
1745422446.6764946,100,10,6273,6276
1745422446.6776032,102,10,6279,6278
1745422446.6776032,101,10,6277,6282
1745422446.6776032,103,10,6285,6284
1745422446.6776032,100,10,6283,6286
1745422446.6776032,102,10,6289,6288
1745422446.6786103,101,10,6287,6292
1745422446.6786103,103,10,6295,6294
1745422446.6786103,100,10,6293,6296
1745422446.6786103,102,10,6299,6298
1745422446.6786103,101,10,6297,6302
1745422446.6786103,103,10,6305,6304
1745422446.6796098,100,10,6303,6306
1745422446.6796098,102,10,6309,6308
1745422446.6796098,101,10,6307,6312
1745422446.6796098,103,10,6315,6314
1745422446.6796098,100,10,6313,6316
1745422446.6806116,102,10,6319,6318
1745422446.6806116,101,10,6317,6322
1745422446.6806116,103,10,6325,6324
1745422446.6806116,100,10,6323,6326
1745422446.6806116,102,10,6329,6328
1745422446.6806116,101,10,6327,6332
1745422446.6818037,103,10,6335,6334
1745422446.6818037,100,10,6333,6336
1745422446.6818037,102,10,6339,6338
1745422446.6818037,101,10,6337,6342
1745422446.6818037,103,10,6345,6344
1745422446.6828105,100,10,6343,6346
1745422446.6828105,102,10,6349,6348
1745422446.6828105,101,10,6347,6352
1745422446.6828105,103,10,6355,6354
1745422446.6828105,100,10,6353,6356
1745422446.6838095,102,10,6359,6358
1745422446.6838095,101,10,6357,6362
1745422446.6838095,103,10,6365,6364
1745422446.6838095,100,10,6363,6366
1745422446.6848097,102,10,6369,6368
1745422446.6848097,101,10,6367,6372
1745422446.6848097,103,10,6375,6374
1745422446.6848097,100,10,6373,6376
1745422446.6848097,102,10,6379,6378
1745422446.6848097,101,10,6377,6382
1745422446.6858099,103,10,6385,6384
1745422446.6858099,100,10,6383,6386
1745422446.6858099,102,10,6389,6388
1745422446.6858099,101,10,6387,6392
1745422446.6858099,103,10,6395,6394
1745422446.6858099,100,10,6393,6396
1745422446.6858099,102,10,6399,6398
1745422446.6858099,101,10,6397,6402
1745422446.6870947,103,10,6405,6404
1745422446.6870947,100,10,6403,6406
1745422446.6870947,102,10,6409,6408
1745422446.6870947,101,10,6407,6412
1745422446.6870947,103,10,6415,6414
1745422446.6870947,100,10,6413,6416
1745422446.6870947,102,10,6419,6418
1745422446.6870947,101,10,6417,6422
1745422446.6870947,103,10,6425,6424
1745422446.6870947,100,10,6423,6426
1745422446.6886685,102,10,6429,6428
1745422446.6886685,101,10,6427,6432
1745422446.6886685,103,10,6435,6434
1745422446.6886685,100,10,6433,6436
1745422446.6886685,102,10,6439,6438
1745422446.6886685,101,10,6437,6442
1745422446.6896698,103,10,6445,6444
1745422446.6896698,100,10,6443,6446
1745422446.6896698,102,10,6449,6448
1745422446.6896698,101,10,6447,6452
1745422446.6906698,103,10,6455,6454
1745422446.6906698,100,10,6453,6456
1745422446.6906698,102,10,6459,6458
1745422446.6906698,101,10,6457,6462
1745422446.6906698,103,10,6465,6464
1745422446.6916695,100,10,6463,6466
1745422446.6916695,102,10,6469,6468
1745422446.6916695,101,10,6467,6472
1745422446.6916695,103,10,6475,6474
1745422446.6916695,100,10,6473,6476
1745422446.6916695,102,10,6479,6478
1745422446.6926696,101,10,6477,6482
1745422446.6926696,103,10,6485,6484
1745422446.6926696,100,10,6483,6486
1745422446.6926696,102,10,6489,6488
1745422446.6926696,101,10,6487,6492
1745422446.693671,103,10,6495,6494
1745422446.693671,100,10,6493,6496
1745422446.693671,102,10,6499,6498
1745422446.693671,101,10,6497,6502
1745422446.6946707,103,10,6505,6504
1745422446.6946707,100,10,6503,6506
1745422446.6946707,102,10,6509,6508
1745422446.6946707,101,10,6507,6512
1745422446.6957588,103,10,6515,6514
1745422446.6957588,100,10,6513,6516
1745422446.6957588,102,10,6519,6518
1745422446.6957588,101,10,6517,6522
1745422446.6957588,103,10,6525,6524
1745422446.6968422,100,10,6523,6526
1745422446.6968422,102,10,6529,6528
1745422446.6968422,101,10,6527,6532
1745422446.6968422,103,10,6535,6534
1745422446.6968422,100,10,6533,6536
1745422446.6968422,102,10,6539,6538
1745422446.6968422,101,10,6537,6542
1745422446.6980627,103,10,6545,6544
1745422446.6980627,100,10,6543,6546
1745422446.6980627,102,10,6549,6548
1745422446.6980627,101,10,6547,6552
1745422446.6980627,103,10,6555,6554
1745422446.6990643,100,10,6553,6556
1745422446.6990643,102,10,6559,6558
1745422446.6990643,101,10,6557,6562
1745422446.700064,103,10,6565,6564
1745422446.700064,100,10,6563,6566
1745422446.700064,102,10,6569,6568
1745422446.700064,101,10,6567,6572
1745422446.700064,103,10,6575,6574
1745422446.700064,100,10,6573,6576
1745422446.700064,102,10,6579,6578
1745422446.7015316,101,10,6577,6582
1745422446.7015316,103,10,6585,6584
1745422446.7015316,100,10,6583,6586
1745422446.7015316,102,10,6589,6588
1745422446.7015316,101,10,6587,6592
1745422446.7015316,103,10,6595,6594
1745422446.7026381,100,10,6593,6596
1745422446.7026381,102,10,6599,6598
1745422446.7026381,101,10,6597,6602
1745422446.7026381,103,10,6605,6604
1745422446.7026381,100,10,6603,6606
1745422446.7036438,102,10,6609,6608
1745422446.7036438,101,10,6607,6612
1745422446.7036438,103,10,6615,6614
1745422446.7036438,100,10,6613,6616
1745422446.7036438,102,10,6619,6618
1745422446.7036438,101,10,6617,6622
1745422446.7046456,103,10,6625,6624
1745422446.7046456,100,10,6623,6626
1745422446.7046456,102,10,6629,6628
1745422446.7046456,101,10,6627,6632
1745422446.7046456,103,10,6635,6634
1745422446.7046456,100,10,6633,6636
1745422446.7046456,102,10,6639,6638
1745422446.7059915,101,10,6637,6642
1745422446.7059915,103,10,6645,6644
1745422446.7059915,100,10,6643,6646
1745422446.7059915,102,10,6649,6648
1745422446.7069988,101,10,6647,6652
1745422446.7069988,103,10,6655,6654
1745422446.7069988,100,10,6653,6656
1745422446.7069988,102,10,6659,6658
1745422446.7069988,101,10,6657,6662
1745422446.7069988,103,10,6665,6664
1745422446.7069988,100,10,6663,6666
1745422446.7083523,102,10,6669,6668
1745422446.7083523,101,10,6667,6672
1745422446.7083523,103,10,6675,6674
1745422446.7083523,100,10,6673,6676
1745422446.7083523,102,10,6679,6678
1745422446.7083523,101,10,6677,6682
1745422446.709353,103,10,6685,6684
1745422446.709353,100,10,6683,6686
1745422446.709353,102,10,6689,6688
1745422446.709353,101,10,6687,6692
1745422446.709353,103,10,6695,6694
1745422446.709353,100,10,6693,6696
1745422446.709353,102,10,6699,6698
1745422446.7103527,101,10,6697,6702
1745422446.7103527,103,10,6705,6704
1745422446.7103527,100,10,6703,6706
1745422446.7103527,102,10,6709,6708
1745422446.7103527,101,10,6707,6712
1745422446.711359,103,10,6715,6714
1745422446.711359,100,10,6713,6716
1745422446.711359,102,10,6719,6718
1745422446.711359,101,10,6717,6722
1745422446.711359,103,10,6725,6724
1745422446.711359,100,10,6723,6726
1745422446.711359,102,10,6729,6728
1745422446.712353,101,10,6727,6732
1745422446.712353,103,10,6735,6734
1745422446.712353,100,10,6733,6736
1745422446.712353,102,10,6739,6738
1745422446.712353,101,10,6737,6742
1745422446.7133534,103,10,6745,6744
1745422446.7133534,100,10,6743,6746
1745422446.7133534,102,10,6749,6748
1745422446.7133534,101,10,6747,6752
1745422446.7143526,103,10,6755,6754
1745422446.7143526,100,10,6753,6756
1745422446.7143526,102,10,6759,6758
1745422446.7143526,101,10,6757,6762
1745422446.715353,103,10,6765,6764
1745422446.715353,100,10,6763,6766
1745422446.715353,102,10,6769,6768
1745422446.715353,101,10,6767,6772
1745422446.715353,103,10,6775,6774
1745422446.715353,100,10,6773,6776
1745422446.7163532,102,10,6779,6778
1745422446.7163532,101,10,6777,6782
1745422446.7163532,103,10,6785,6784
1745422446.7163532,100,10,6783,6786
1745422446.7163532,102,10,6789,6788
1745422446.7163532,101,10,6787,6792
1745422446.7163532,103,10,6795,6794
1745422446.7163532,100,10,6793,6796
1745422446.7177813,102,10,6799,6798
1745422446.717903,101,10,6797,6802
1745422446.717903,103,10,6805,6804
1745422446.717903,100,10,6803,6806
1745422446.717903,102,10,6809,6808
1745422446.717903,101,10,6807,6812
1745422446.717903,103,10,6815,6814
1745422446.717903,100,10,6813,6816
1745422446.717903,102,10,6819,6818
1745422446.717903,101,10,6817,6822
1745422446.7192059,103,10,6825,6824
1745422446.7192059,100,10,6823,6826
1745422446.7192059,102,10,6829,6828
1745422446.7192059,101,10,6827,6832
1745422446.7192059,103,10,6835,6834
1745422446.720213,100,10,6833,6836
1745422446.720213,102,10,6839,6838
1745422446.720213,101,10,6837,6842
1745422446.720213,103,10,6845,6844
1745422446.720213,100,10,6843,6846
1745422446.720213,102,10,6849,6848
1745422446.7212245,101,10,6847,6852
1745422446.7212245,103,10,6855,6854
1745422446.7212245,100,10,6853,6856
1745422446.7212245,102,10,6859,6858
1745422446.7212245,101,10,6857,6862
1745422446.7212245,103,10,6865,6864
1745422446.7212245,100,10,6863,6866
1745422446.722568,102,10,6869,6868
1745422446.722568,101,10,6867,6872
1745422446.722568,103,10,6875,6874
1745422446.722568,100,10,6873,6876
1745422446.722568,102,10,6879,6878
1745422446.722568,101,10,6877,6882
1745422446.722568,103,10,6885,6884
1745422446.722568,100,10,6883,6886
1745422446.7235737,102,10,6889,6888
1745422446.7235737,101,10,6887,6892
1745422446.7235737,103,10,6895,6894
1745422446.7235737,100,10,6893,6896
1745422446.7235737,102,10,6899,6898
1745422446.7245748,101,10,6897,6902
1745422446.7245748,103,10,6905,6904
1745422446.7245748,100,10,6903,6906
1745422446.7245748,102,10,6909,6908
1745422446.7245748,101,10,6907,6912
1745422446.7245748,103,10,6915,6914
1745422446.7245748,100,10,6913,6916
1745422446.7245748,102,10,6919,6918
1745422446.725818,101,10,6917,6922
1745422446.725818,103,10,6925,6924
1745422446.725818,100,10,6923,6926
1745422446.725818,102,10,6929,6928
1745422446.725818,101,10,6927,6932
1745422446.725818,103,10,6935,6934
1745422446.725818,100,10,6933,6936
1745422446.725818,102,10,6939,6938
1745422446.725818,101,10,6937,6942
1745422446.7272725,103,10,6945,6944
1745422446.7272725,100,10,6943,6946
1745422446.7272725,102,10,6949,6948
1745422446.7272725,101,10,6947,6952
1745422446.7283962,103,10,6955,6954
1745422446.7283962,100,10,6953,6956
1745422446.7283962,102,10,6959,6958
1745422446.7283962,101,10,6957,6962
1745422446.7283962,103,10,6965,6964
1745422446.7283962,100,10,6963,6966
1745422446.7297037,102,10,6969,6968
1745422446.7297037,101,10,6967,6972
1745422446.7297037,103,10,6975,6974
1745422446.7297037,100,10,6973,6976
1745422446.7297037,102,10,6979,6978
1745422446.7307096,101,10,6977,6982
1745422446.7307096,103,10,6985,6984
1745422446.7307096,100,10,6983,6986
1745422446.7307096,102,10,6989,6988
1745422446.7307096,101,10,6987,6992
1745422446.73171,103,10,6995,6994
1745422446.73171,100,10,6993,6996
1745422446.73171,102,10,6999,6998
1745422446.73171,101,10,6997,7002
1745422446.73171,103,10,7005,7004
1745422446.73171,100,10,7003,7006
1745422446.73271,102,10,7009,7008
1745422446.73271,101,10,7007,7012
1745422446.73271,103,10,7015,7014
1745422446.73271,100,10,7013,7016
1745422446.73271,102,10,7019,7018
1745422446.7337682,101,10,7017,7022
1745422446.7337682,103,10,7025,7024
1745422446.7337682,100,10,7023,7026
1745422446.7337682,102,10,7029,7028
1745422446.7337682,101,10,7027,7032
